3125 4959
39 147 48 212 l

29 4901 146 4906 i
133 4881 140 4884 ι

163 4873 176 4880 U

185 4885 192 4888 ι

205 4889 218 4898 F

1203 437 1523 508 ...67-

278 597 360 662 et
408 588 470 661 vi
514 607 658 660 non
700 593 915 660 caret.
962 588 1109 657 Hoc
1146 586 1360 658 etiam
1402 586 1610 658 titulo
1645 606 1867 658 unum
1901 605 1939 659 e
1969 587 2135 658 libri
2173 577 2425 678 perditi

279 715 654 806 capitibus
688 711 1106 784 inscribitur
1148 735 1165 781 ε
1218 740 1247 775 α
1286 710 1470 797 Quid
1514 711 1694 782 mihi
1730 731 1867 783 usu
1907 712 2178 785 venerit
2216 711 2431 784 inter-

279 839 562 931 pretari
602 845 672 911 et
724 835 1058 929 effingere
1098 836 1360 909 volenti
1403 837 1594 907 locos
1636 835 1987 926 quosdam
2031 835 2430 927 platonicos

279 965 524 1038 latina
562 962 883 1036 oratione
927 986 944 1032 ε
984 988 1014 1025 ι
1068 959 1559 1032 difficillimam
1611 978 1870 1051 nempe
1905 962 2224 1034 Platonis
2273 979 2434 1033 esse

281 1087 772 1159 imitationem
829 1091 1146 1165 constat,
1192 1089 1261 1155 et
1314 1084 1707 1154 Favorinus
1758 1090 1943 1155 recte
1986 1082 2167 1155 dixit
2210 1107 2228 1153 ε
2288 1109 2319 1147 ‹
2356 1082 2432 1155 Si

284 1230 386 1284 ex
432 1209 746 1283 Platonis
790 1208 1113 1284 oratione
1148 1207 1443 1279 verbum
1484 1206 1781 1297 aliquod
1824 1206 2070 1305 demas
2117 1214 2435 1280 mutesve

286 1343 517 1427 atque
556 1335 630 1407 id
675 1332 1332 1407 commodatissime
1371 1332 1589 1405 facias
1613 1387 1630 1414 ‚
1677 1332 1764 1405 de
1804 1333 2156 1424 elegantia
2193 1339 2433 1404 tamen

288 1458 695 1531 detraxeris
742 1455 871 1554 (l).
924 1482 960 1524 »
1004 1456 1222 1529 Addit
1274 1457 1452 1528 alias
1492 1456 1596 1526 ad
1640 1456 1798 1550 ipsa
1848 1455 2179 1527 Platonis
2216 1479 2435 1550 pene-

289 1583 524 1654 tralia
560 1584 1019 1677 ipsarumque
1053 1604 1306 1653 rerum
1348 1582 1682 1676 pondera
1732 1589 1801 1654 et
1853 1582 1935 1652 di
1932 1583 2227 1675 qnitatis
2278 1602 2438 1659 esse

291 1696 740 1802 pergendum
792 1727 924 1782 nec
964 1706 1065 1777 ad
1098 1708 1517 1779 vocularum
1562 1708 1718 1798 ejus
1768 1709 2260 1779 amoenitatem
2308 1730 2439 1781 nec

292 1834 404 1906 ad
433 1832 812 1904 verborum
852 1839 1242 1904 venustates
1283 1832 1883 1906 diversitandum.
1925 1835 2151 1907 Gellio
2196 1842 2432 1910 tamen

295 1959 515 2032 libuit
567 1959 876 2051 propriis
922 1959 1159 2031 verbis
1212 1960 1905 2051 argumentationem
1947 1961 2207 2033 referre
2246 1981 2429 2053 qua,

296 2086 380 2157 in
429 2083 725 2176 Gorgiae
781 2084 1060 2175 dialogo
1120 2082 1250 2177 (2),
1300 2083 1623 2154 veritatis
1671 2084 1876 2154 homo
1923 2084 2432 2171 amicissimae,

295 2210 587 2302 ejusque
622 2208 938 2280 omnibus
964 2208 1399 2279 eoehibendae
1429 2208 1997 2302 promptissimus
2034 2207 2272 2296 Plato,
2314 2208 2438 2280 sub

287 2356 630 2428 persona,
671 2357 812 2405 non
846 2333 1073 2427 proba
1113 2333 1396 2428 quidem
1420 2390 1436 2418 ,
1484 2333 1838 2417 Calliclis‚
1885 2354 2006 2408 eos
2047 2336 2437 2409 insectatur

303 2460 428 2550 qui
484 2461 831 2533 desidiam
882 2467 952 2533 et
999 2461 1353 2551 ignaviam
1410 2479 1613 2544 suam
1657 2460 1882 2532 nobili
1937 2461 2439 2560 philosophiae

303 2586 596 2657 nomine
644 2585 1132 2658 dissimulant.
1181 2589 1350 2657 Eam
1405 2587 1836 2657 sententiam
1880 2587 2198 2657 Platonis
2248 2605 2439 2677 mag-

305 2728 571 2802 nopere
613 2712 1004 2803 approbat,
1059 2731 1276 2783 sensu
1326 2712 1613 2802 plenam
1670 2719 1738 2783 et
1792 2712 2170 2802 sapientia.
2218 2713 2317 2783 De
2357 2731 2439 2783 ea

251 2887 260 2898 ,
306 2835 497 2906 enim
538 2835 997 2926 philosophia
1042 2855 1181 2907 non
1224 2836 1368 2926 agit
1406 2832 1479 2906 ih
1526 2836 1661 2907 hoc
1702 2837 1853 2908 loco
1908 2855 2091 2925 quae
2145 2836 2439 2909 virtutes

310 2959 509 3031 docet
563 2968 631 3031 et
684 2960 760 3030 in
816 2961 1110 3051 privatis
1166 2959 1620 3052 publicisque
1678 2958 1928 3032 officiis
1984 2969 2305 3033 versatur
2361 2981 2442 3032 ac

308 3084 741 3175 reipublicae
777 3091 1186 3158 constantes
1233 3085 1422 3157 viros
1465 3094 1533 3157 et
1573 3084 2193 3159 administratores
2236 3105 2439 3178 prae-

309 3208 452 3285 bet.
498 3208 624 3280 sed
663 3206 749 3278 de
787 3208 918 3279 ista
955 3208 1156 3302 futili
1196 3215 1398 3303 atque
1430 3207 1710 3303 puerili
1746 3209 2194 3280 meditatzone
2231 3230 2439 3301 argu-

308 3331 567 3405 tiarum
633 3351 816 3423 quae
873 3332 1056 3402 nihil
1116 3333 1216 3403 ad
1269 3333 1493 3405 vitam
1558 3356 1779 3427 neque
1829 3334 2167 3403 tuendam
2220 3356 2442 3428 neque

306 3456 782 3527 ordinandam
835 3461 1179 3551 pertinet,
1236 3462 1495 3551 cuique
1546 3461 1920 3533 studentes
1959 3468 2444 3531 consenescunt

306 3583 427 3655 isti
483 3602 664 3674 qnos
704 3590 774 3656 et
813 3584 1136 3657 Callicles
1171 3594 1243 3657 ⁴et
1283 3586 1531 3677 vulgus
1571 3585 1927 3658 immerito
1965 3587 2439 3678 philosophos

307 3708 644 3800 appellat.
690 3711 808 3781 Sic
840 3729 1122 3810 semper
1161 3710 1432 3783 Gellius
1468 3730 1544 3782 se
1586 3711 1902 3801 praebet,
1950 3720 2025 3784 ut
2055 3714 2206 3804 jam
2246 3712 2432 3784 dixi-

311 3849 499 3918 mus,
542 3835 644 3907 rei
685 3837 975 3909 moralis
1007 3837 1341 3929 inprimis
1381 3838 1817 3911 studiosum.

370 4060 441 4124 (l)
467 4057 549 4114 Cf.
577 4058 688 4111 Cic.
724 4081 736 4110 ε
764 4080 790 4106 α
828 4061 1007 4128 Longe
1034 4064 1273 4114 omnium
1301 4065 1622 4128 quicumque
1649 4065 1974 4128 scripserunt
2003 4068 2095 4114 aut
2129 4064 2290 4114 locuti
2317 4070 2443 4115 sunt

314 4150 519 4200 exstitit
550 4155 603 4200 et
631 4153 836 4202 suavite
859 4157 913 4202 et
938 4155 1198 4217 gravitate
1221 4154 1469 4217 princeps
1494 4153 1646 4204 Plato
1676 4173 1701 4198 n
1737 4153 1923 4217 (Ox-at..
1958 4153 2055 4216 19).

375 4239 441 4304 (2)
469 4240 568 4301 101„
596 4241 747 4302 ibid„
781 4241 823 4302 1,
848 4256 900 4292 11.

2490 983 2537 1032 ι..
2573 982 2700 1044 vm,
2736 996 2777 1031 ο.
2808 996 2915 1034 vm.

2553 1472 2603 1522 L.
2638 1472 2696 1534 11,
2727 1484 2771 1522 e.
2799 1485 2849 1521 v.

2489 1855 2541 1905 L.
2556 1854 2694 1915 XVII,
2708 1868 2748 1905 c.
2765 1869 2853 1916 xx,
2868 1860 2914 1906 6.

2490 2096 2539 2149 L.
2569 2097 2626 2157 X,
2652 2110 2694 2147 c.
2723 2110 2845 2157 xxn,
2872 2102 2913 2146 l.

2491 2347 2542 2395 L.
2563 2346 2619 2405 X,
2636 2358 2819 2406 c.xx11,
2839 2349 2913 2397 24.

2496 3732 2544 3781 L.
2564 3731 2622 3793 X,
2639 3743 2684 3782 c.
2698 3744 2822 3792 xxn,
2838 3735 2916 3781 24.
