3125 4959
1255 498 1577 559 ...25-

348 636 440 709 ad
479 653 634 708 eam
688 644 962 727 partem
1005 635 1508 727 philosophiae
1545 635 1802 709 attinet
1842 654 2025 727 quae
2067 642 2174 708 est
2216 634 2305 708 de
2344 634 2486 708 vita

270 763 275 766 ’
349 767 419 834 et
460 761 780 833 moribus
821 761 996 832 haec
1041 760 1508 833 memoranda
1547 760 1907 834 videntur.
1953 760 2237 833 Amicos
2273 760 2484 850 jube-

347 885 473 957 bat
513 885 758 957 eadem
801 885 1028 958 facere
1068 904 1252 977 quae
1293 887 1848 976 praescripserat
1885 885 1962 957 iu
2004 885 2485 960 seditionibus

349 1012 461 1084 lex
502 1012 788 1083 Solonis
832 1009 925 1106 (1)
974 1020 1043 1085 et
1077 1012 1152 1084 in
1183 1013 1598 1085 alterutram
1636 1020 1908 1104 partem
1946 1012 2310 1085 discedere
2343 1031 2485 1104 quo

348 1136 631 1208 facilius
696 1138 1114 1210 auctoritate
1171 1157 1302 1220 sua
1364 1138 1814 1210 concordiam
1884 1145 2298 1229 repararent
2356 1156 2488 1209 nec

349 1280 473 1334 eos
536 1262 801 1334 imitari
860 1263 1033 1353 qui,
1085 1282 1244 1334 cum
1299 1263 1565 1336 amicos
1622 1263 2017 1349 destituant
2074 1264 2479 1347 discordeS,

345 1408 456 1456 eos
517 1386 782 1457 dedunt
843 1387 1209 1459 advocatis
1277 1386 1635 1459 malevolis
1699 1395 1823 1459 aut
1894 1388 2163 1460 avaris,
2235 1388 2342 1461 Ad
2409 1388 2483 1461 id
2538 1410 2589 1461 L.
2622 1410 2688 1471 11,
2720 1420 2761 1457 e.
2789 1418 2882 1462 xa,
2918 1409 2962 1450 a.

344 1530 570 1583 unum
618 1519 1020 1602 spectantes
1077 1513 1349 1610 Gellius
1399 1521 1468 1585 et
1518 1512 1911 1585 Favorinus
1962 1512 2323 1604 quomodo
2364 1514 2479 1584 in·

347 1642 455 1709 ter
493 1656 570 1709 se
602 1637 813 1708 amici
850 1655 1056 1728 agere
1097 1637 1407 1710 debeant
1445 1657 1591 1710 non
1635 1637 2146 1718 dubitaverunt
2180 1656 2358 1710 num
2400 1658 2482 1711 ea

347 1761 463 1832 lex
505 1780 828 1851 unquam
868 1761 941 1832 in
980 1780 1118 1833 usu
1159 1762 1371 1834 fuerit
1408 1759 1502 1857 (2)
1541 1781 1675 1835 nec
1711 1780 1920 1852 quem
1961 1762 2052 1835 ad
2089 1762 2306 1835 finem
2343 1763 2487 1835 lata

350 1885 446 1957 sit
481 1886 861 1975 exquirere
901 1886 1136 1959 conati
1177 1893 1349 1958 sunt
1379 1884 1516 1979 (5).

447 2010 642 2083 Alias
686 2010 1014 2083 Favorini
1057 2012 1488 2085 sententiam
1516 2066 1533 2094 ,
1579 2014 1802 2084 stoico
1854 2013 2286 2104 philosopho
2326 2030 2489 2085 vere
2575 2034 2625 2084 L.
2656 2033 2797 2093 xvu,
2829 2045 2870 2085 ο.
2902 2053 2935 2087 1.

349 2133 670 2228 dignam,
697 2137 785 2209 de
804 2136 1074 2209 divitiis
1102 2138 1779 2235 etqaequanimitate,
1808 2156 2051 2229 graece
2072 2156 2484 2229 expressam

351 2261 563 2334 refert
602 2262 900 2343 Gellius,
941 2281 1084 2352 qua
1117 2263 1240 2334 ille
1276 2281 1422 2333 non
1454 2261 1852 2354 augendam
1887 2281 2046 2334 esse
2077 2262 2484 2353 pecuniam,

352 2385 416 2457 si
454 2386 619 2475 quis
657 2386 863 2459 beate
912 2387 1143 2460 vivere
1189 2395 1520 2478 cuperet,
1566 2387 1692 2460 sed
1735 2388 2167 2460 minuendas
2207 2388 2489 2480 cupidi-

348 2518 532 2586 tates
601 2512 993 2584 asserebat.
1070 2514 1264 2598 Quae
1332 2514 1603 2585 Seneca
1666 2529 1955 2605 quoque
2019 2514 2096 2584 in
2163 2512 2488 2603 epistolis

348 2636 638 2708 suasit:
690 2635 779 2707 de
836 2655 979 2726 qua
1036 2655 1113 2709 re
1169 2643 1408 2709 tamen
1467 2637 1739 2709 Gellius
1793 2639 2103 2710 Senecae
2159 2638 2488 2710 intensus

351 2778 443 2831 ne
482 2760 780 2832 verbum
820 2761 1111 2851 quidem
1152 2761 1343 2835 iacit.
2161 2838 2168 2844 ,

447 2886 740 2959 Minime
806 2888 1067 2958 mirum
1137 2887 1319 2959 illud
1389 2888 1717 2961 Favorini
1789 2895 2288 2980 praeceptum,
2363 2888 2488 2980 qui

349 3010 772 3102 saepissime
807 3011 1148 3103 Epicteti,
1193 3013 1397 3102 quus
1441 3012 1670 3085 fuerat
1714 3013 2024 3098 auditor,
2069 3013 2282 3085 verba
2330 3014 2483 3105 ple-

349 3154 614 3227 rosque
653 3137 1127 3228 philosophos
1168 3136 1471 3210 dicentis
1501 3137 1738 3209 verbis
1774 3144 2294 3210 tenus-tantum
2327 3137 2486 3228 phi-

350 3261 752 3352 losophari,
803 3262 1271 3353 ejusdemque
1323 3262 1427 3334 de*
1465 3262 1851 3335 teterrimis
1898 3263 2486 3356 gravissimisque

348 3384 580 3467 vitiis,
618 3385 1075 3458 intolerantia
1125 3392 1193 3456 et
1242 3386 1790 3471 incontinentia,
1845 3365 2274 3461 sententiam
2328 3405 2478 3460 me-
2540 3409 2590 3459 ι.
2622 3407 2832 3469 xvu,c.
2862 3424 2964 3460 m.

352 3510 700 3582 morabat.

445 3635 729 3707 Nullius
767 3636 843 3707 in
884 3636 1122 3718 verba,
1171 3636 1368 3728 quod
1402 3643 1732 3709 naturam
1766 3639 1921 3728 eJ'us
1959 3646 2026 3712 et
2063 3638 2323 3730 placita
2365 3638 2485 3712 de-

328 3758 576 3842 cebat,
606 3767 1016 3833 assueverat
1034 3762 1302 3851 jurare,
1333 3761 1462 3834 sed
1495 3762 1566 3833 in
1597 3762 1944 3834 amicitiis·
1967 3763 2493 3857 conjungendis

351 3887 714 3958 communi
758 3886 1185 3961 liberalitate
1228 3886 1585 3970 utebatur,
1628 3888 1897 3979 quippe
1926 3907 2085 3962 cum
2127 3907 2290 3961 eum
2321 3887 2491 3958 cluo-

412 4109 475 4171 (1)
504 4108 586 4160 Cf.
616 4111 719 4161 Ad.
752 4111 996 4174 Garnier,
1027 4113 1218 4164 Horale
1246 4114 1382 4163 dans
1411 4113 1719 4178 l'antiquite,
1747 4130 1800 4179 p.
1830 4114 1907 4168 38.

409 4199 476 4263 (ἳ)
518 4199 656 4251 Vide
685 4200 873 4264 Zeller,
904 4205 973 4253 La
1000 4202 1326 4267 philosophie
1352 4205 1438 4255 des
1464 4204 1630 4265 Grecs,
1664 4207 1799 4256 trad.
1830 4207 1917 4269 fr„
1947 4210 1982 4256 t.
2010 4205 2110 4268 ΙΙΙ,
2139 4218 2192 4269 p.
2226 4202 2339 4254 207.

412 4289 475 4353 (3)
503 4289 583 4341 Cf.
618 4290 798 4352 DeniS,
827 4305 910 4357 op.
936 4293 1044 4352 cit„
1075 4298 1114 4345 t.
1147 4292 1191 4354 1,
1223 4309 1274 4359 p.
1304 4293 1387 4345 60.
