3125 4959
1278 471 1639 533 -127-

387 616 763 705 aequales,
807 612 1174 685 fatendum
1226 621 1373 691 est,
1424 613 1518 682 rei
1573 612 1823 683 morali
1876 613 1950 684 in
1994 613 2244 702 primis
2285 613 2520 685 inten-

387 747 539 822 tos,
596 741 781 811 hanc
832 739 1327 829 quaestionem
1362 738 1508 827 jam
1554 744 1703 808 tum
1753 737 2108 828 negligere
2149 737 2469 828 coepisse
2501 792 2518 817 ,

387 885 521 936 nec
559 864 1027 955 wrequisivisse
1081 862 1589 952 quibusmodis
1646 862 1832 933 inter
1881 882 1957 933 se
2013 868 2526 935 connectantur

386 990 880 1081 perceptiones
922 987 1378 1079 propriisque
1428 986 1852 1059 differentiis
1894 987 2350 1069 distinxisse,
2398 1004 2529 1057 nec

387 1113 479 1185 ad
535 1132 749 1184 unam
814 1113 1255 1203 superiorem
1317 1112 1541 1203 legem
1607 1131 1687 1184 ac
1736 1112 2057 1184 latiorem
2121 1111 2520 1184 reduxisse.

388 1239 658 1310 Gellius
700 1257 892 1328 ergo,
941 1238 1135 1329 quod
1172 1237 1264 1308 ad
1304 1237 1491 1308 banc
1532 1256 1678 1308 rem
1722 1240 1975 1309 attinet
2017 1256 2161 1308 non
2203 1243 2409 1309 'secus
2451 1255 2531 1307 ac

386 1365 607 1445 alias,
655 1372 937 1455 tempus
980 1382 1188 1435 suurn
1234 1362 1541 1435 fideliter
1581 1364 1916 1454 exprimit
1963 1361 2083 1458 (1).

485 1489 866 1560 Generosis
922 1487 1296 1560 affectibus
1350 1496 1608 1559 natura
1646 1495 1942 1559 ornatus
1972 1544 1989 1571 ‚
2037 1494 2233 1579 grato
2288 1486 2530 1559 animo

386 1621 879 1704 praeceptores
946 1620 1014 1684 et
1068 1613 1335 1685 amicos
1401 1613 1906 1703 prosequitur,
1975 1613 2314 1685 laudibus
2369 1632 2530 1685 eum

386 1737 666 1811 extollit
707 1739 1143 1829 quicumque
1191 1737 1494 1838 patriam
1546 1736 1838 1818 dilexit,
1885 1746 1956 1808 at
2009 1746 2254 1809 contra
2307 1718 2533 1809 malos

388 1866 572 1938 cives
640 1873 1091 1946 exsecratur;
1151 1864 1369 1936 falsos
1432 1863 1908 1953 philosophos
1980 1864 2338 1955 improbat
2406 1863 2532 1935 sed

392 1990 849 2061 miseratione
887 1988 1111 2080 magis
1153 2007 1368 2078 quam
1412 1988 1690 2060 acerbis
1733 1989 2418 2079 vituperationibus,
2456 1995 2534 2060 ut

389 2115 552 2188 fecit
593 2115 989 2194 Lucianus,
1049 2114 1409 2205 dignatur.
1471 2116 1560 2185 Ut
1615 2132 1737 2186 eos
1795 2115 2094 2186 miratur
2152 2114 2276 2203 qui
2331 2113 2533 2185 facile

395 2240 712 2311 dolorem
757 2239 1130 2330 patiuntur
1169 2246 1292 2310 aut
1332 2240 1583 2311 saltem
1627 2239 1690 2311 ei
1729 2239 2077 2311 obluctari
2119 2240 2392 2321 valent,
2421 2240 2534 2316 ‚ita

392 2365 667 2455 spernit
717 2366 840 2455 qui
883 2365 1373 2455 voluptatibus
1410 2384 1490 2435 ac
1524 2365 1944 2455 praesertim
1985 2364 2414 2435 libidinibus
2456 2340 2550 2435 se'

392 2490 665 2561 dedunt
728 2513 744 2559 ε
811 2497 1160 2580 quantum
1227 2490 1318 2560 ab
1388 2490 1688 2561 immani
1759 2491 2163 2581 cynicorum
2243 2489 2531 2581 ingenio

391 2615 753 2697 abhorret,
798 2621 1076 2687 tantum
1116 2614 1687 2705 Aristippeorum
1729 2615 2031 2687 facilitas
2067 2633 2228 2686 eum
2266 2615 2524 2713 taedet.

393 2738 759 2829 Quidquid
798 2739 1080 2810 virtutis
1120 2757 1433 2810 amorem
1475 2747 1803 2812 excutere
1841 2740 2068 2831 possit
2104 2740 2354 2811 sedulo
2396 2759 2530 2811 no-

397 2874 493 2935 tat
523 2871 591 2935 et
620 2863 949 2953 explicat.
992 2862 1177 2947 Quid
1211 2864 1438 2935 valeat
1467 2864 1782 2935 amicitia
1813 2883 1959 2935 non
1993 2872 2270 2936 tantum
2301 2882 2529 2935 exem-

392 2990 531 3079 plis
581 3008 665 3059 ex
706 2987 1007 3058 historia
1054 2988 1361 3078 sumptis
1422 2989 1548 3060 sed
1609 3008 1740 3060 sua
1793 2989 2004 3061 etiam
2054 2989 2196 3060 vita
2237 2988 2530 3060 demon-

393 3121 569 3184 strat
614 3137 630 3182 ε
677 3113 852 3201 quid
912 3111 1253 3183 fortitudo
1303 3121 1371 3184 et
1418 3113 1644 3184 animi
1708 3113 2166 3204 magnitudo,
2213 3120 2527 3184 veterum

393 3238 816 3309 Graecorum
888 3233 1516 3327 Romanorumque
1590 3238 1822 3308 verbis
1901 3244 1970 3308 et
2037 3237 2237 3308 factis
2267 3261 2303 3318 ;·
2353 3238 2529 3327 quid

390 3363 887 3453 temperantia,
930 3362 1238 3433 Socratis
1280 3362 1600 3433 moribus
1641 3369 1709 3433 et
1748 3362 2310 3446 cousuetudine;
2351 3361 2527 3451 quid

384 3486 705 3577 justitia,
754 3486 1089 3557 laudibus
1144 3486 1573 3575 cuicumque
1628 3487 1862 3578 legum
1917 3486 2353 3558 observatori
2413 3486 2528 3558 tri-

386 3612 579 3683 butis
620 3619 689 3683 et
725 3612 850 3681 illa
890 3612 1101 3682 etiam
1133 3611 1491 3682 anxietate
1532 3630 1675 3700 qua
1710 3612 1866 3702 ipse
1903 3613 1978 3681 in
2013 3611 2306 3702 ancipiti
2334 3611 2526 3701 judi-

388 3736 493 3806 cio
560 3734 861 3819 afflictus
927 3734 1112 3817 fuit;
1182 3734 1357 3825 quid
1430 3734 1853 3824 prudentia,
1930 3735 2156 3806 nobili
2208 3735 2524 3816 ‚cassitae

311 3833 320 3843 ⁹
389 3859 656 3931 fabula.
1623 3848 1628 3854 ⁴

468 3986 866 4076 Praecepta
904 4003 1162 4076 nempe
1202 3985 1384 4057 bene
1432 3984 1711 4057 vivendi
1753 4003 1899 4056 non
1941 3982 2376 4075 professoria
2420 4001 2524 4053 ra-

452 4265 516 4326 (ι)
540 4262 756 4325 Teuffel,
785 4270 821 4315 t.
855 4262 953 4327 111,
984 4278 1033 4327 p.
1067 4262 1143 4312 44.
