3125 4959
119 639 168 688 L.
201 638 258 698 V,
290 651 331 686 c.
365 651 455 692 xv,
491 640 538 685 9.

117 889 172 939 L.
201 890 256 948 V,
289 902 332 938 e.
359 901 461 947 xvl,
495 891 541 934 5.

125 2563 178 2614 L.
209 2562 297 2619 Vl,
327 2574 369 2611 c.
401 2575 469 2618 vr,
503 2565 547 2611 ¹l.

158 2651 217 2661 —
245 2622 365 2684 ΧΙΧ,
393 2635 434 2673 c.
466 2636 516 2671 11.

1504 513 1585 526 ..
1625 477 1701 542 0»,
1744 516 1821 526 .-

598 617 832 692 dioere
892 645 923 683 ‹
971 617 1635 710 Philosophandum
1696 626 1805 690 est
1858 619 2144 711 paucis,
2211 639 2378 692 nam
2429 621 2738 693 omnino

599 742 793 815 haud
833 742 1087 833 placet,
1131 768 1161 805 ι
1214 750 1284 814 et
1322 742 1499 813 alias
1545 766 1561 813 ε
1621 769 1652 807 ‹
1692 742 2218 834 degustandum
2273 765 2356 818 ex
2409 746 2735 837 philoso-

597 869 797 960 phia,
843 886 986 939 non
1026 868 1104 938 in
1145 886 1299 940 eam
1343 867 1928 959 ingurgitandum
1963 867 2094 963 (l).
2139 898 2169 934 ι

696 994 1063 1084 Nusquam
1107 994 1393 1084 planam
1427 993 1987 1085 philosophandi
2027 995 2375 1067 rationem
2408 1003 2532 1068 aut
2571 1016 2736 1087 par-

598 1120 776 1191 tium
833 1118 1337 1211 philosophiae
1392 1118 1815 1191 divisionem
1877 1120 2146 1192 Gellius
2201 1120 2399 1192 dedit
2455 1146 2472 1192 :
2533 1122 2738 1194 ordi-

599 1262 763 1315 nem
806 1243 1023 1335 igitur
1071 1264 1113 1316 a
1164 1243 1529 1335 plerisque
1583 1251 1945 1335 acceptum
2003 1263 2265 1336 sequar
2308 1253 2378 1318 et
2418 1246 2737 1337 primum

600 1369 690 1442 de
745 1369 969 1442 animi
1034 1377 1291 1440 natura
1346 1375 1417 1441 et
1476 1368 1955 1448 facultatibus,
2011 1369 2177 1441 dein
2243 1370 2333 1443 de
2388 1371 2612 1462 logica
2665 1380 2743 1444 et

601 1493 971 1566 dialectica
1035 1500 1221 1575 arte,
1280 1501 1527 1584 postea
1581 1492 1668 1565 de
1723 1493 2043 1565 moribus
2101 1501 2168 1565 et
2224 1494 2740 1586 metaphysicis

602 1618 818 1691 rebus
848 1616 1231 1708 opiniones
1268 1626 1338 1689 et
1374 1619 1677 1709 eaquae
1711 1636 1796 1689 ex
1833 1636 1964 1689 suo
1999 1636 2189 1707 penu
2223 1617 2501 1690 videtur
2537 1617 2743 1691 addi-

602 1742 800 1816 disse
829 1759 1211 1833 exponam.
2648 1745 2658 1755 ’

971 2023 1037 2090 1⁰
1075 2018 1188 2089 De
1223 2018 1456 2090 animi
1485 1981 1761 2090 natura
1798 2026 1864 2088 et
1892 2019 2375 2112 facultatibus,

704 2285 908 2372 Quod
949 2284 1040 2356 ad
1079 2284 1302 2356 animi
1347 2290 1676 2354 naturam
1720 2289 1789 2354 et
1829 2283 2197 2356 facultates
2234 2286 2514 2368 attinet,
2561 2288 2743 2362 haee

606 2412 986 2502 praecipua
1024 2410 1434 2482 summatim
1478 2408 1923 2499 excerpenda
1964 2409 2139 2480 mihi
2179 2410 2533 2482 videntur.

705 2536 1040 2625 Quinque
1086 2552 1347 2606 sensus
1387 2552 1545 2604 oum
1589 2532 1967 2605 Aristotele
2004 2533 2345 2620 admittit,
2391 2553 2431 2607 e
2469 2535 2741 2625 quihus

607 2658 749 2730 duo
801 2678 962 2731 cum
1012 2658 1302 2740 belluis,
1346 2665 1597 2749 gustus
1648 2665 1718 2730 et
1767 2665 2021 2737 tactus,
2069 2659 2376 2732 maxime
2423 2679 2741 2732 commu-

609 2802 738 2857 nes
778 2790 949 2855 sunt
996 2781 1089 2877 (2)
1138 2808 1156 2854 ε
1203 2802 1328 2874 per
1368 2801 1628 2856 sensus
1664 2782 1979 2875 voluptas
2016 2783 2259 2853 animo
2295 2790 2419 2853 aut
2454 2791 2746 2878 corpori

610 2909 980 3001 quaeritur
1019 2904 1148 3000 (5).
1195 2909 1334 2980 Eos
1375 2907 1592 2999 igitur
1630 2908 1870 2999 potius
1915 2897 2271 2998 quatenus
2317 2909 2405 2981 ad
2444 2910 2742 2982 affectus

609 3051 825 3123 quam
878 3032 969 3104 ad
1024 3031 1350 3105 notitiam
1398 3032 1763 3123 pertinent
1803 3032 2232 3115 considerat,
2285 3052 2443 3105 cum
2499 3042 2741 3106 tamen

609 3177 694 3231 eo
733 3167 1051 3248 tempore
1090 3158 1276 3230 inter
1323 3156 1553 3228 varias
1595 3157 2188 3246 philosophorum
2230 3166 2457 3230 sectas
2499 3158 2745 3250 dispu-

610 3287 879 3354 taretur
928 3299 1100 3352 num
1156 3280 1493 3351 sensibus
1535 3296 1662 3368 pro
1715 3279 2189 3370 cognoscendi
2240 3281 2742 3354 instrumentis

612 3406 794 3479 fides
834 3413 1024 3477 esset
1064 3404 1398 3476 habenda
1443 3402 1573 3498 (4).
2592 3402 2604 3409 ’

714 3534 814 3604 De
847 3531 1210 3620 voluptate
1250 3537 1322 3602 et
1357 3529 1605 3603 dolore
1649 3531 2000 3603 nonnulla
2046 3533 2369 3635 exposita
2411 3532 2740 3623 disputa-

680 3812 746 3876 (1)
773 3808 886 3862 Cic.
929 3813 1113 3862 contra
1150 3811 1359 3862 dixerat
1399 3832 1410 3861 ε
1452 3829 1478 3858 κ
1518 3811 1744 3863 Difficile
1786 3817 1866 3864 est
1903 3813 1958 3862 in
1995 3814 2324 3877 philosophia
2356 3828 2522 3876 pauca
2550 3828 2666 3865 esse
2697 3817 2749 3866 ei

617 3906 741 3952 nota
766 3901 854 3952 cui
883 3914 988 3951 non
1016 3901 1124 3949 sint
1150 3905 1241 3950 aut
1264 3902 1510 3965 pleraque
1537 3907 1630 3951 aut
1659 3902 1836 3952 omnia
1864 3921 1888 3946 »
1921 3903 2105 3965 (Tusa,
2139 3902 2207 3963 11,
2246 3903 2308 3966 1).

643 3983 646 3986 ’
683 3990 753 4055 (2)
782 3988 969 4051 Mont.,
999 3990 1192 4053 Εεεαίε,
1221 3990 1254 4041 1.
1290 3989 1359 4052 11,
1389 4004 1434 4040 c.
1467 4003 1569 4049 ΧΠ,-
1601 3991 1671 4041 cf.
1702 3989 1836 4051 Cic„
1873 3992 1940 4041 De
1964 3999 2075 4042 nat.
2107 3992 2262 4050 deor..
2294 3993 2373 4054 11,
2399 3992 2475 4043 58.
2504 4018 2561 4029 -—
2586 3990 2749 4056 Espi-

618 4093 733 4142 nas,
766 4080 983 4129 Socieeds
1011 4077 1281 4139 animala,
1312 4081 1412 4129 etc.

681 4166 750 4231 (3)
774 4164 852 4217 Cf.
883 4163 1015 4229 Cic„
1045 4166 1115 4216 De
1145 4168 1283 4224 Fin„
1315 4165 1387 4228 11,
1422 4166 1468 4215 3.

686 4253 752 4317 (4)
786 4252 854 4303 V.
883 4253 1168 4311 Brochard.
1194 4269 1330 4319 pass.
