3125 4959
1273 456 1630 519 -113--

371 617 603 689 pauca
637 598 727 672 de
756 598 1050 690 iudiciis
1081 605 1150 671 et
1177 597 1499 690 jndicum
1541 595 1795 670 officiis
1837 601 2142 689 quorum
2185 596 2319 669 fuit
2358 615 2515 687 par-

374 722 602 815 ticeps
638 737 1109 814 expon‘emuS.

480 848 715 921 Refert
745 867 887 939 quo
930 848 1142 921 modo
1172 849 1432 921 Sextus
1464 846 1815 920 Caecilius
1847 846 2162 938 jndicem
2206 846 2328 938 qui
2361 848 2519 938 jus-

367 973 766 1064 jurandum
798 973 1107 1066 pecunia
1139 972 1479 1044 venderet
1508 971 1834 1063 capitalis
1874 990 2148 1062 poenae
2192 991 2336 1044 non
2382 973 2518 1043 mi-
2630 988 2680 1041 1..
2713 987 2811 1048 xx,
2841 1001 2866 1036 0
2916 1002 2945 1035 1.

379 1117 522 1169 nus
565 1117 781 1188 quam
823 1097 1283 1169 manifestum
1325 1096 1553 1169 furem
1586 1103 1655 1168 et
1687 1105 2116 1167 nocturnum
2159 1103 2520 1187 grassato-

383 1242 532 1294 rem
566 1223 861 1314 dignum
903 1241 1062 1295 esse
1095 1222 1384 1302 dixerit,
1424 1239 1712 1312 quoque
1745 1220 1953 1292 modo
1987 1220 2118 1291 Cn.
2155 1220 2524 1292 Dolabella
2578 1239 2630 1288 L.
2661 1238 2769 1296 xx,
2803 1250 2845 1287 ο.
2875 1253 2919 1296 ι,
2954 1242 3000 1285 8.

383 1364 533 1419 rem
563 1346 924 1420 difficilem
960 1354 1027 1419 et
1054 1346 1463 1438 ambiguam
1497 1344 1589 1417 ad
1621 1345 2084 1436 Areopagitas
2114 1344 2432 1435 rejecerit
2455 1352 2524 1416 et

383 1472 880 1563 Areopagitae,
915 1471 1193 1564 eoqnita
1230 1490 1482 1553 eausa,
1517 1477 2001 1543 accusatorem
2040 1477 2109 1543 et
2151 1470 2522 1543 mulierem

386 1614 572 1686 quae
600 1596 1068 1668 accusabatur
1093 1594 1462 1666 centesimo
1486 1616 1675 1666 anno
1705 1594 1961 1669 adesse
1984 1595 2335 1687 Jusserint
2371 1592 2465 1689 (l)
2503 1618 2520 1665 ε
2610 1605 2661 1657 L.
2693 1604 2792 1663 ΧΠ.
2824 1616 2866 1653 c·
2897 1617 2979 1652 vn-

387 1738 693 1811 quorum
734 1727 972 1793 tamen
1005 1720 1068 1792 si
1108 1720 1311 1812 prius
1350 1720 1760 1792 Dolabellae
1792 1719 2246 1810 prudentiam
2288 1720 2521 1792 mani-

329 1894 340 1901 ·
388 1844 640 1917 festam
705 1843 869 1917 facit
928 1851 997 1916 et
1059 1845 1440 1916 miratione
1492 1844 1822 1935 dignam,
1887 1844 2246 1935 posterius
2305 1845 2527 1936 magis

387 1969 653 2042 astutia
684 1977 754 2041 et
789 1969 1103 2042 faciliore
1135 1969 1394 2061 effugio
1426 1968 1890 2061 Areopagitas
1927 1977 2240 2042 accusat.
2277 1971 2530 2043 Narrat

389 2113 680 2187 quoque
722 2114 865 2185 qua
916 2093 1259 2187 religione
1314 2094 1469 2186 ipse
1496 2149 1513 2177 ‚
1557 2095 1745 2166 inter
1784 2093 2062 2185 judices
2116 2073 2523 2180 admissuS,

388 2220 636 2292 multis
658 2217 1263 2313 jurisperitorum
1300 2218 1839 2290 commentariis
1876 2219 2140 2292 frustra
2180 2220 2407 2303 lectis,
2452 2222 2523 2292 in

391 2364 466 2417 re
528 2344 826 2435 ancipiti
887 2345 1316 2417 Favorinum
1375 2344 1818 2417 consuluerit
1882 2364 1965 2418 ac
2026 2346 2317 2418 tandem
2388 2345 2525 2418 sibi

387 2491 528 2538 non
581 2467 848 2561 liquere
897 2470 1244 2560 juraverit
1305 2466 1435 2563 (2).
1497 2471 1721 2541 Tanta
1777 2469 1975 2548 illius
2035 2477 2185 2543 erat
2233 2469 2529 2561 iurisju-

390 2593 600 2665 randi
634 2595 1064 2677 reverentia,
1111 2613 1323 2684 quam
1352 2649 1369 2676 ‚
1413 2594 1476 2666 si
1511 2593 1576 2665 ei
1618 2593 2016 2677 credimus,
2064 2614 2346 2686 semper
2384 2596 2523 2665 Ro-

393 2719 586 2790 mani
606 2719 1198 2792 observaverunt:
1226 2718 1420 2809 quod
1438 2717 1537 2789 ait
1560 2717 1870 2787 moribus
1888 2718 2282 2813 legibusque
2299 2720 2530 2789 multis

390 2843 657 2914 ostendi
684 2869 707 2912 .·
742 2863 871 2935 pro
907 2844 1233 2935 exemplo
1267 2843 1479 2916 refert
1511 2863 1655 2934 qua
1690 2843 2243 2935 comtemptione
2279 2844 2528 2934 vulgus
2585 2867 3005 2926 1..vr‚0.xx1u,1.

392 2976 462 3042 et
512 2969 778 3060 quibus
819 2968 1159 3041 infamiae
1212 2969 1404 3040 notis
1444 2986 1777 3040 censores
1822 2968 1965 3039 duo
2008 2969 2321 3060 captivos
2361 2969 2527 3040 affe-

392 3093 617 3165 cerint
656 3093 779 3183 qui
831 3093 922 3165 ab
963 3092 1364 3164 Hannibale
1405 3094 1698 3164 Romam
1753 3094 1955 3165 missi
1999 3112 2142 3164 non
2185 3093 2273 3164 acl
2314 3111 2475 3164 eum
2503 3147 2521 3177 ,

395 3226 474 3291 ut
527 3220 982 3308 juraverant,
1049 3218 1364 3299 rediere,
1424 3217 1815 3311 additque,
1879 3218 2209 3291 Cornelio
2266 3220 2532 3309 Nepote

396 3350 682 3416 auctore
753 3341 848 3436 (5)
885 3398 902 3423 .
975 3361 1098 3415 eos
1156 3363 1365 3434 usque
1423 3340 1599 3411 adeo
1662 3340 2085 3414 intestabiles
2139 3340 2533 3436 invisosque

395 3466 613 3561 fuisse
658 3473 740 3537 ut
768 3466 1085 3537 taedium
1119 3467 1307 3537 vitae
1341 3465 1656 3560 ceperint
1690 3487 2063 3560 necemque
2103 3465 2234 3536 sibi
2265 3467 2526 3539 consei-

399 3592 657 3664 verim.
2585 3611 2638 3661 L.
2651 3611 2727 3668 vl,
2746 3623 2786 3661 c.
2808 3626 2942 3670 xvm,
2962 3617 3007 3659 8.

497 3719 585 3790 Ut
625 3716 1134 3809 jnsJ'urandum
1160 3771 1178 3801 ‚
1222 3717 1322 3789 ita
1359 3716 1606 3789 omnia
1649 3716 1861 3789 nobis
1904 3716 2241 3790 mandata
2289 3716 2529 3790 stricte

398 3841 845 3917 observanda
900 3848 1143 3915 censet
1199 3858 1331 3913 nec
1386 3840 1616 3915 nostri
1655 3859 1816 3914 esse
1853 3840 2309 3914 considerare
2351 3860 2525 3912 num
2635 3859 2687 3908 L.
2718 3860 2756 3919 1,
2786 3873 2826 3909 ο.
2860 3874 2963 3909 xm.

460 4070 531 4134 (1)
557 4066 637 4120 Cf.
671 4066 857 4133 Mont.,
889 4068 1080 4131 Essais,
1108 4070 1142 4118 l.
1177 4067 1277 4132 111,
1306 4081 1355 4119 e.
1387 4082 1459 4119 ιι.

467 4158 535 4221 (2)
563 4157 695 4220 Cic„
723 4158 789 4207 De
816 4158 921 4221 off„
952 4157 992 4219 1,
1023 4157 1070 4207 9.

468 4246 535 4312 (3)
564 4244 644 4297 Cf.
673 4246 867 4311 Ruske,
894 4263 945 4313 p.
978 4246 1056 4299 33.
1088 4274 1146 4285 -
1175 4244 1448 4309 Mercklin,
1478 4245 1572 4297 668
1596 4252 1648 4297 et
1677 4260 1786 4310 seq.
