3125 4959
0 0 439 299 P·

1243 463 1600 525 —107—

354 608 500 676 tem
567 621 710 694 qua
764 612 1018 676 natura
1079 604 1414 676 homines
1469 603 1659 675 inter
1716 621 1794 674 se
1845 601 2214 682 conciliat,
2270 616 2484 690 quam

352 748 538 818 erqa
576 748 812 797 omnes
852 728 1173 799 homines
1217 725 1714 821 promiscuam
1753 733 1993 808 vocat,
2047 725 2213 806 sed,
2258 740 2484 815 gram·
2546 738 2591 786 L·
2626 736 2831 796 x111,‹:.
2863 749 2966 785 xvs-

355 852 598 923 matici
631 871 854 936 more,
888 853 1214 945 improbe
1246 851 1766 925 humanitatem
1801 851 2060 924 dictam
2094 848 2484 931 contendit,

357 993 494 1048 nec
530 975 706 1047 satis
744 977 1100 1069 significat
1139 996 1354 1068 quam
1396 978 1685 1070 penitus
1726 977 1819 1049 sit
1857 976 2069 1047 nobis
2104 974 2322 1046 insita
2362 991 2494 1045 nec

356 1101 540 1189 quid
579 1099 854 1174 efficere
891 1102 1147 1194 possit.
1206 1103 1323 1175 Ait
1369 1109 1610 1176 tamen
1652 1100 2198 1175 beneficentiam
2238 1117 2366 1190 per
2414 1116 2492 1170 se

356 1224 881 1298 observandam
914 1246 1073 1300 esse
1108 1234 1201 1310 et,
1243 1228 1661 1300 auctoritate
1699 1225 1921 1298 fretus
1958 1222 2318 1297 Ciceronis
2357 1220 2486 1315 (l),

354 1348 555 1420 nulla
593 1349 808 1421 tacita
842 1350 1121 1422 ratione
1156 1352 1261 1424 ad
1288 1351 1622 1422 utilitates
1654 1349 2126 1421 redundante.
2170 1348 2492 1420 Clemen-
2568 1365 2618 1413 L.
2652 1364 2798 1419 xv11‚
2832 1376 2875 1412 ο.
2900 1376 2951 1422 v,

354 1474 532 1546 tiam
583 1482 819 1548 tamen
874 1483 943 1548 et
997 1477 1623 1549 mansuetudinem
1679 1494 1809 1567 pro
1862 1474 2212 1561 ulilitate,
2273 1470 2493 1544 relata
2547 1489 2597 1538 L.
2626 1431 2864 1549 vi,⁰‹’:.¹31'‚
2895 1491 2970 1535 52.

355 1600 650 1671 Catonis
681 1600 1028 1683 oratione,
1066 1602 1554 1674 observandas
1589 1607 1856 1682 censet,
1901 1607 1970 1673 et
2009 1598 2230 1672 credit
2263 1598 2326 1670 ei
2368 1596 2491 1686 qui

356 1725 781 1815 imprudens
827 1734 951 1799 aut
997 1728 1242 1818 aliqua
1286 1727 1353 1799 vi
1407 1729 1826 1818 compulsus
1867 1726 2179 1817 peccavit
2212 1721 2492 1795 veniam
2552 1728 2972 1788 L-X1‚c·v111‚¹·-

356 1868 523 1922 esse
577 1850 990 1942 petendam,
1057 1871 1200 1942 quo
1268 1871 1445 1925 sane
1509 1850 2052 1944 intelligendum
2113 1849 2326 1920 etiam
2387 1853 2496 1919 est

352 1975 825 2048 obtinendam
852 2030 869 2061 ,
911 1977 1466 2069 delicatioreque
1514 1976 1874 2050 sententia
1913 1973 2338 2047 dissimilem
2377 1990 2494 2063 pe-

353 2100 615 2172 cuniae
653 2107 721 2173 et
757 2100 1022 2191 gratiae
1061 2100 1501 2173 debitionem
1551 2118 1713 2173 esse
1751 2118 1878 2191 pro
1917 2104 2106 2171 certo
2140 2096 2382 2167 habet.

463 2224 572 2296 Illi
620 2231 789 2296 sunt
836 2226 1059 2296 animi
1115 2243 1375 2298 sensus
1435 2242 1815 2315 moresque
1869 2242 2034 2315 erga
2088 2221 2520 2314 universam,

356 2350 737 2421 hominum
778 2350 1188 2422 societatem
1231 2349 1579 2433 habendi,
1637 2377 1667 2414 ‹
1708 2349 1930 2440 quod,
1975 2355 2054 2420 ut
2083 2348 2182 2418 ait
2221 2346 2492 2426 Cicero,

357 2480 618 2544 natura
656 2472 1077 2564 praescribit
1128 2479 1206 2546 ut
1248 2473 1464 2546 homo
1507 2473 1789 2545 homini
1819 2529 1836 2557 ‚
1883 2472 2319 2563 quicumque
2357 2470 2490 2550 sit,

358 2598 457 2669 ob
494 2616 647 2670 eam
689 2599 919 2689 ipsam
969 2617 1255 2672 causam
1307 2599 1502 2689 quod
1544 2599 1608 2670 is
1659 2599 1876 2671 homo
1914 2596 2043 2681 sit,
2088 2596 2495 2669 consultum

362 2725 532 2797 velit
592 2720 719 2817 (2).
778 2750 809 2788 n
873 2726 1078 2797 Nunc
1136 2725 1227 2797 ad
1282 2744 1363 2798 ea
1417 2745 1603 2816 quae
1652 2724 1741 2797 de
1798 2724 2093 2815 privatis
2149 2723 2498 2813 cujusque

364 2867 493 2939 pro
563 2869 637 2922 re
700 2856 771 2922 et
836 2857 1154 2941 tempore
1218 2848 1471 2923 officiis
1541 2851 1853 2923 senserit
1923 2848 2194 2923 Gellius
2267 2853 2497 2918 trans-

366 2973 711 3045 eundum.

341 3111 350 3118 ’
467 3096 870 3171 Officiorum
905 3098 1227 3172 ordinem
1257 3118 1342 3172 ex
1375 3099 1699 3171 moribus
1720 3098 1968 3190 populi
1999 3097 2276 3168 romani
2305 3097 2500 3169 hunc

369 3231 693 3297 constare
731 3223 901 3296 dicit
945 3249 961 3295 ε
1004 3225 1311 3315 primum
1360 3226 1566 3316 juxta
1606 3231 1941 3315 parentes
1985 3224 2220 3294 locum
2256 3229 2495 3294 tenere

371 3349 710 3440 pupilloS‚
745 3348 1139 3422 secundum
1181 3349 1502 3430 clientes,
1540 3349 1828 3421 tertium
1863 3347 2210 3437 hospites,
2247 3353 2496 3437 postea

371 3481 704 3566 cognatos
744 3473 1140 3565 affinesque
1186 3499 1201 3544 ε
1248 3474 1678 3548 Massurium
1727 3481 1962 3547 autem
2015 3472 2361 3545 Sabinum
2397 3473 2497 3544 ait

368 3598 842 3693 antiquiorem
908 3599 1137 3670 locum
1210 3599 1468 3694 hospiti
1529 3622 1746 3693 quam
1818 3600 2056 3671 clienti
2123 3599 2492 3673 tribuisse.
2553 3612 2602 3661 L·
2634 3612 2690 3671 v,
2720 3624 2762 3661 c·
2794 3621 2900 3671 xm,
2931 3613 2972 3656 2·

369 3726 771 3831 Notandum
818 3732 926 3798 est
978 3725 1052 3797 in
1094 3744 1177 3799 eo
1232 3726 1484 3798 ordine
1542 3726 1816 3798 nnllam
1871 3726 1960 3799 de
2017 3726 2277 3798 civium
2334 3744 2497 3817 erga

367 3853 669 3943 patriam
742 3871 824 3924 ac
887 3851 1110 3943 patris
1175 3870 1338 3943 erga
1405 3851 1670 3924 liberos
1738 3850 1989 3924 officiis
2058 3852 2494 3925 mentionem

427 4173 493 4237 (l)
522 4170 653 4233 Cic„
686 4173 754 4223 De
774 4176 904 4237 Lep„
938 4176 981 4232 Ι,
1019 4174 1099 4236 18;
1127 4176 1194 4226 De
1222 4178 1325 4238 off„
1360 4177 1401 4239 I,
1434 4175 1462 4226 7
1492 4178 1544 4227 et
1562 4190 1731 4240 pasc.;
1759 4178 1830 4227 cf.
1863 4175 2048 4241 Mont.,
2077 4178 2112 4227 l.
2147 4177 2216 4237 11,
2253 4191 2299 4228 c.
2328 4190 2431 4227 vm.

430 4262 495 4328 (2)
528 4261 658 4327 Cic„
688 4263 759 4314 De
788 4265 894 4327 off„
921 4263 1019 4327 111,
1050 4265 1097 4318 6.
