3125 4959
1265 475 1650 548 -13—‘

352 615 447 688 ad
499 634 656 687 eam
712 614 1112 688 studiorum
1168 609 1449 705 partem'
1496 612 1858 704 pertinent
1904 610 1998 708 (1)
2036 668 2053 698 ‚
2111 620 2181 690 et
2232 614 2492 688 asserit
2587 611 2594 618 ’

348 737 949 832 jucundissimam
997 738 1210 810 Tauri
1256 757 1814 830 sermonumque
1859 739 2015 829 ejus
2064 757 2222 812 cum
2279 740 2492 813 disci-

354 865 547 957 pulis
582 884 625 938 a
663 865 890 954 Gellio
931 864 1286 956 depictam
1329 863 1553 935 fuisse
1600 859 1730 958 (2).

991 1117 1065 1186 2⁰
1101 1113 1215 1216 De
1249 1113 1542 1186 Herode
1579 1112 1839 1187 Attice.

452 1352 755 1425 Athenis
802 1371 1092 1443 quoque
1144 1351 1568 1443 saepissime
1612 1353 1963 1426 Herodem
2013 1353 2324 1428 Atticum
2387 1354 2489 1423 vi-

350 1500 522 1548 rum
557 1484 626 1548 et
657 1498 927 1570 ¹qraeca
972 1476 1318 1571 facundia
1361 1484 1431 1550 et
1477 1477 1842 1549 consulari
1890 1478 2153 1550 honore
2191 1479 2492 1573 praedi-

351 1608 545 1687 ium,
602 1622 759 1675 cum
820 1603 1312 1695 compluribus
1373 1603 1692 1676 romanis
1747 1605 1872 1695 qui
1935 1606 2183 1678 eodem
2248 1605 2490 1679 studio

355 1746 498 1819 quo
547 1729 702 1819 ipse
740 1728 1178 1819 flagrabant,
1222 1726 1309 1798 ab
1355 1750 1432 1797 eo
1478 1730 1853 1800 arcessitus
1904 1737 1974 1802 et
2025 1731 2328 1805 fortasse
2364 1750 2492 1824 per

354 1854 780 1925 Favorinum
822 1853 885 1926 ei
926 1852 1469 1926 commendatus
1525 1835 1648 1947 (5),
1685 1854 1956 1927 adibat.
2002 1856 2131 1928 Die
2177 1855 2487 1947 quadam

352 1987 519 2070 post
563 1997 807 2051 cenam
857 1997 1018 2050 eum
1060 1978 1334 2052 audivit
1386 1978 1624 2070 lepide
1671 1980 2058 2070 gloriosum
2104 1983 2488 2071 quemdam

354 2102 644 2173 recitata
712 2101 1011 2193 Epicteti
1088 2102 1594 2180 dissertatione
1674 2104 2314 2194 reprehendentem
2399 2107 2489 2178 ab

354 2225 656 2298 Arriano
716 2234 1033 2311 Servata,
1098 2246 1241 2318 qua
1300 2227 1749 2298 venerandus
1810 2227 1926 2299 ille
1986 2251 2205 2299 senem
2270 2231 2489 2304 falsos

356 2349 619 2423 stoicos
658 2351 1088 2424 incessebat.
2177 2423 2184 2430 .

455 2476 804 2548 Herodem
846 2477 1052 2564 illurn
1092 2477 1402 2549 Atticum
1452 2478 1705 2550 ceteris
1743 2478 2146 2569 mambote,
2186 2480 2390 2574 copia
2429 2488 2491 2551 et

353 2599 712 2690 elegantia
750 2621 1000 2671 vocum
1042 2599 1134 2695 (4)
1182 2602 1627 2692 praestitisse
1667 2602 1863 2686 dicit,
1908 2605 2111 2695 cujus
2151 2605 2491 2678 diSserta·

355 2727 623 2804 tionem
698 2726 1042 2823 adversus
1114 2725 1500 2800 stoicorum
1572 2728 1952 2821 apamiam
2018 2730 2271 2811 refert,
2348 2751 2490 2823 qua

353 2851 591 2923 aiebat
638 2850 1103 2921 moderandos
1158 2853 1698 2946 etz-puryandos
1749 2873 1909 2928 esse
1960 2874 2219 2928 sensus
2262 2858 2486 2928 animi

352 2995 487 3047 nec
537 2976 942 3049 evellendos
988 2979 1129 3050 nisi
1169 2997 1293 3051 eos
1331 2979 1455 3070 qui
1504 2988 1748 3052 contra
1787 2988 2117 3053 naturam
2163 2981 2480 3054 videren-

355 3108 495 3182 tur,
551 3101 747 3172 illius
796 3102 1045 3174 Thraci
1100 3103 1416 3174 hominis
1479 3105 1806 3195 exemplo
1864 3125 2084 3188 usus,
2149 3106 2489 3178 audiente

352 3225 579 3298 Gellio
609 3281 625 3308 ,
665 3226 858 3317 quod
891 3228 1258 3300 Fontanus
1299 3237 1542 3301 noster
1582 3236 1690 3301 est
1725 3228 2045 3304 imitatus
2091 3226 2218 3321 (5).

420 3351 642 3424 -ldem
703 3351 824 3424 ille
883 3353 1106 3426 fertur
1162 3354 1534 3445 cujusdam
1596 3355 2072 3427 insolentiam.
2120 3355 2479 3439 hominis,

348 3474 769 3566 philosophi
812 3478 1119 3567 speciem
1158 3497 1330 3569 prae
1369 3498 1447 3551 se
1479 3479 1800 3562 ferentis,
1837 3480 2031 3586 quod
2067 3480 2356 3572 saepius
2401 3500 2484 3554 eo

347 3607 666 3689 tempore
695 3600 1058 3674 accidebat
1103 3598 1232 3696 (6),
1274 3621 1515 3676 severe
1545 3603 2087 3696 vituperavisse‚
2131 3610 2203 3677 et
2237 3612 2477 3678 tamen

408 3825 479 3889 (1)
506 3825 720 3889 Friedl„
746 3842 828 3893 op.
855 3831 964 3888 cit„
994 3843 1045 3893 p.
1077 3828 1186 3880 398.

407 3914 477 3978 (2)
502 3916 607 3977 Id„
635 3916 789 3980 ibid„
823 3934 876 3981 p.
906 3915 1018 3986 407.

412 4003 479 4069 (3)
503 4003 721 4067 Friedl„
750 4007 1069 4069 Dissertatio,
1095 4023 1147 4072 p.
1176 4008 1222 4059 5.

416 4093 482 4157 (4)
512 4092 705 4156 Ruske,
741 4109 823 4159 op.
856 4100 962 4158 cit„
999 4111 1050 4160 p.
1082 4097 1159 4148 49.

411 4182 479 4245 (5)
507 4182 700 4243 Fables,
732 4185 768 4233 1.
795 4182 925 4242 XII,
955 4185 1033 4234 20.
1061 4213 1121 4221 —
1152 4186 1348 4245 Ruske,
1375 4187 1527 4245 ibid..
1559 4204 1613 4253 p.
1643 4190 1730 4241 50.

408 4270 478 4334 (6)
503 4269 585 4322 Cf,
617 4272 858 4336 Luciam,
887 4274 1158 4338 Piscator„
1191 4276 1278 4335 45,
1305 4279 1552 4341 Fugitivi,
1585 4279 1657 4331 12.
1690 4306 1751 4318 —
1783 4278 1998 4344 Friedl.‚
2026 4294 2079 4344 p.
2113 4279 2228 4336 385.

2624 1368 2673 1419 L.
2707 1368 2743 1427 1,
2776 1382 2819 1419 c.
2848 1383 2899 1419 11.

2565 2496 2617 2547 L.
2644 2497 2765 2559 XIX,
2796 2511 2837 2548 c.
2869 2513 2954 2550 xn.

2594 3368 2647 3418 L.
2678 3369 2759 3433 IX,
2789 3384 2832 3422 c.
2862 3388 2913 3423 11.
