3125 4959
1301 444 1621 506 ...17-

497 586 826 678 Origines
866 584 1124 657 dubias
1173 584 1747 675 et'elymologias
1788 584 2167 655 altioribus
2209 584 2530 655 fontibus

403 718 778 783 manantes
835 714 1260 799 aspernatur
1314 708 1734 789 Favorinus,
1790 707 1979 779 inter
2032 726 2211 798 quas
2271 707 2531 779 ridicu-

400 837 554 908 lose
606 834 841 917 fictam
893 851 1047 905 eam
1107 832 1279 904 dicit
1336 852 1504 923 qua,
1551 840 1839 904 auctore
1877 832 2092 903 Gavio
2136 835 2352 904 Basso
2397 829 2525 924 (l),

391 976 668 1053 pareus
699 958 904 1050 quasi
928 978 1080 1050 par
1107 977 1326 1027 areae
1355 956 1711 1048 significet
1744 957 2250 1047 existimatque
2286 964 2533 1028 contra

393 1105 711 1177 parcum
767 1082 1036 1154 dictum
1091 1082 1313 1154 fuisse
1372 1102 1414 1169 a
1469 1082 1705 1154 verbis
1746 1102 2024 1174 parum
2071 1090 2139 1154 et
2182 1103 2529 1173 parvam.

403 1211 656 1283 Nonne
695 1209 770 1279 in
813 1208 919 1279 eis
948 1208 1094 1298 jam
1147 1207 1785 1279 animadvertenda
1825 1215 1932 1280 est
1984 1208 2109 1278 illa
2151 1207 2534 1298 propensio

407 1354 550 1425 qua
588 1333 1095 1424 exquisitiores
1145 1339 1213 1404 et
1258 1332 1665 1422 implicatae
1704 1332 2332 1428 interpretationes
2370 1331 2536 1422 reji-

404 1460 718 1538 ciuntur,
765 1475 950 1548 quae
990 1463 1278 1529 nostrae
1317 1456 1572 1528 aetatis
1617 1457 1997 1547 peculiaris
2039 1454 2198 1529 est?

505 1582 728 1664 Alias,
756 1563 1044 1673 propter
1070 1581 1632 1672 disputationem
1660 1581 1747 1653 de
1768 1581 2291 1672 significatione
2322 1600 2536 1672 quam

409 1709 823 1799 exprimunt
853 1706 1195 1778 vocabula
1223 1704 1605 1775 manubiae
1635 1712 1704 1778 et
1736 1706 2024 1797 pracda,
2053 1706 2307 1779 citatur
2334 1708 2542 1778 Favo-

411 1834 644 1914 rinus,
687 1830 984 1924 eyreyia
1031 1832 1141 1902 vel
1188 1829 1437 1900 divina
1485 1830 1799 1923 quadam
1844 1830 2192 1901 memoria
2238 1828 2367 1925 (2),
2412 1831 2536 1921 qui

411 1956 785 2047 profitetur
833 1974 910 2028 se
960 1983 990 2021 α
1032 1956 1313 2028 etiamsi
1368 1956 1775 2046 opera.sibi
1832 1958 2163 2048 princeps
2213 1963 2282 2029 et
2319 1975 2541 2048 prope

411 2082 649 2152 omnis
689 2080 766 2151 in
814 2080 1070 2151 litteris
1119 2080 1672 2171 disciplinisque
1713 2080 1980 2169 graecis
2026 2087 2313 2171 sumpta
2351 2087 2459 2151 est
2499 2105 2535 2146 »

414 2224 561 2278 non
602 2224 762 2278 esse
803 2203 1323 2298 infrequentem
1362 2225 1611 2274 vocum
1648 2204 2042 2274 latinarum
2088 2224 2268 2296 quas
2311 2203 2537 2275 subci-

411 2330 557 2400 sivo
594 2338 718 2403 aut
756 2328 1221 2399 tumultuario
1256 2328 1487 2399 studio
1526 2328 1719 2401 colit.
1768 2330 1940 2401 Item
1991 2328 2247 2401 citatur
2295 2329 2416 2400 ille
2467 2331 2542 2401 in

414 2455 653 2526 indice
685 2454 935 2525 amissi
978 2453 1141 2525 libri
1181 2454 1433 2531 octavi,
1477 2454 1709 2543 primo
1751 2453 1836 2525 de
1879 2453 2355 2543 quorumdam
2397 2472 2546 2526 ver-

413 2578 670 2649 borum
716 2596 880 2658 usu,
927 2557 1185 2649 iterum
1227 2576 1314 2649 de
1352 2575 1842 2667 disputatione
1880 2577 1972 2649 ad
2007 2577 2545 2668 ambiguitatem

416 2704 847 2794 pertinente,
886 2722 1101 2792 quam
1143 2721 1301 2773 cum
1338 2701 1843 2792 intempestivo
1884 2702 2194 2792 quodam
2234 2702 2548 2793 philoso—

418 2827 562 2918 pho
599 2826 879 2899 habuit.

519 2951 781 3023 Oderat
813 2952 1003 3023 enim
1037 2951 1429 3023 Favorinus
1469 2958 1539 3023 et
1574 2951 1860 3024 arcebat
1891 2958 2303 3043 arrogantes
2345 2951 2550 3023 disci-

421 3076 662 3167 plinae
699 3084 1175 3150 ostentatores
1215 3078 1368 3168 qui,
1413 3082 1755 3169 tanquam
1792 3076 2213 3169 interpretes
2249 3083 2313 3147 et
2347 3076 2543 3146 arbi-

421 3199 522 3269 tri
572 3199 920 3292 Sibyllae,
978 3201 1267 3293 nugalia
1323 3201 1661 3274 effutiunt
1721 3219 1851 3273 nec
1907 3203 2126 3273 ullam
2176 3202 2553 3273 amittebat

423 3326 866 3398 occasionem
929 3328 1284 3399 Socratico
1353 3345 1550 3397 more
1614 3345 1735 3398 eos
1793 3326 2280 3418 interrogandi
2339 3333 2408 3399 et
2461 3326 2553 3399 ad

426 3452 770 3524 veriorem
826 3451 1223 3524 doctrinam
1275 3452 1692 3523 reducendi.
1750 3452 1953 3537 Quod
2004 3459 2298 3543 apparet
2344 3470 2429 3523 ex
2470 3472 2553 3524 eo

425 3593 759 3647 sermone
819 3595 1031 3665 quem
1100 3576 1446 3648 babuisse
1510 3595 1672 3649 eum
1748 3583 1991 3648 narrat
2058 3577 2327 3648 Gellius
2394 3596 2555 3648 cum

424 3700 884 3791 grammatico
925 3699 1237 3790 quodam
1272 3700 1475 3790 cujus
1513 3699 1991 3791 ignorantiam
2030 3679 2360 3792 patefecit
2397 3720 2558 3773 sen-

427 3842 554 3894 sus
589 3824 913 3929 vocabuli
945 3845 1196 3917 pertua,
1233 3824 1429 3915 quod
1471 3831 1708 3896 tamen
1740 3825 1862 3898 ille
1900 3828 2101 3895 varie
2134 3824 2558 3895 declinatum

490 4142 558 4206 (1)
583 4140 662 4191 De
689 4142 858 4193 Gavio
887 4142 1080 4198 Basso;
1115 4142 1235 4192 vide
1262 4142 1478 4205 Teuffel,
1513 4151 1549 4193 t.
1583 4143 1626 4197 1,
1661 4160 1711 4207 p.
1746 4145 1856 4192 385.

493 4230 558 4294 (2)
588 4228 785 4288 Ruske,
815 4246 867 4294 p.
897 4231 975 4280 54.

2613 978 2665 1029 L.
2695 978 2776 1039 111,
2806 992 2847 1028 c.
2884 995 2980 1027 ΞΠ.

2594 1737 2645 1785 L.
2668 1734 2855 1795 xime.
2880 1751 2984 1783 aaut
3005 1771 3017 1783 4

2632 2976 2682 3024 L.
2713 2974 2787 3032 lv,
2822 2988 2863 3023 e.
2896 2991 2924 3029 Ι,
