3125 4959
1481 443 1560 456 -
1603 411 1680 469 72
1725 445 1804 454 ...

579 559 859 633 narrat.
906 550 1214 642 aliisque
1255 549 1509 621 veteris
1550 548 1971 621 Academiae
2010 550 2468 641 philosophis
2508 550 2714 622 dicit.

1304 800 1377 868 7⁰
1429 795 1539 867 De
1589 795 1981 868 Aristotele.

97 1073 148 1126 ι..
177 1073 294 1134 xlx,
326 1087 368 1124 ι.
401 1089 447 1134 v,
475 1078 521 1126 a.
676 1050 1091 1124 Aristoteles
1133 1049 1393 1123 dicitur
1426 1049 1909 1140 philosophus
1943 1048 2060 1128 rei
2092 1050 2318 1136 omnis
2354 1050 2717 1121 humanae

571 1175 1043 1270 peritissimus
1078 1182 1140 1246 et
1177 1171 1732 1267 sapientissimus
1772 1174 1887 1241 vir
1942 1173 2036 1269 (l)
2092 1201 2108 1246 :
2168 1177 2294 1266 qui
2341 1147 2556 1249 natus
2603 1185 2718 1250 est

99 1323 146 1374 ι..
183 1321 319 1376 xvu.
346 1335 388 1372 e„
418 1337 522 1386 xxi,
577 1321 660 1376 eo
701 1321 892 1376 anno
933 1301 1055 1392 qui
1099 1300 1233 1373 fuit
1255 1305 1419 1395 post
1450 1299 1931 1391 reciperatam
1966 1323 2010 1369 α
2041 1301 2427 1372 Senonibus
2469 1301 2717 1371 urbem

266 1389 347 1494 ².⁸'
576 1427 1024 1522 septimuS‚et
1064 1433 1412 1508 mortuus,
1437 1426 2182 1508 sicutDemosthenes‚
2184 1426 2451 1495 tndem
2480 1426 2717 1518 ferme

96 1572 144 1626 ¹
179 1571 318 1628 xvu
342 1585 385 1622 e
417 1549 1001 1646 xx1‚tempor2bus
1039 1550 1305 1641 quibus
1342 1549 1546 1642 apud
1585 1547 1955 1626 Οαιιοῖηιπι
1995 1571 2038 1622 a
2077 1552 2524 1623 Samnitibus
2566 1555 2708 1623 Ro-

267 1639 345 1686 ²⁵
580 1679 772 1753 mani
809 1674 932 1748 sub
960 1677 1231 1769 juyum
1268 1674 1465 1745 mzssi
1497 1682 1717 1745 sunt:
1779 1696 1961 1766 quae
2000 1697 2355 1778 annorum
2406 1678 2711 1769 digestio

577 1822 720 1877 non
772 1803 1068 1880 omnino
1110 1808 1354 1873 exacta
1407 1801 1687 1872 videtur
1736 1808 1800 1873 et
1860 1821 1901 1870 a
1962 1820 2122 1872 vera
2181 1804 2714 1893 computatione

577 1929 944 2021 paululum
987 1926 1231 1998 distat.

676 2055 902 2127 Pauca
940 2071 1023 2125 ex
1076 2051 1478 2124 Aristotelis
1529 2051 1736 2123 libris
1785 2052 2088 2125 Gellium
2138 2053 2397 2144 legisse
2452 2052 2710 2145 conjici

579 2185 832 2270 potest,
872 2177 1223 2249 nonnulla
1254 2173 1490 2248 tamen
1517 2175 1756 2248 citavit
1785 2175 1983 2247 illius
2014 2177 2430 2268 philosophi
2460 2197 2707 2268 quem.

578 2307 655 2374 ut
692 2302 920 2383 aiunt,
962 2293 1268 2373 breviter
1307 2300 1678 2392 complecti
1726 2299 2014 2388 difficile
2059 2308 2166 2372 est
2216 2298 2345 2394 (2).

131 2461 182 2512 1„
215 2458 332 2522 xm,
363 2473 404 2510 ο,
441 2475 487 2512 v.
678 2426 939 2518 Lepide
980 2433 1218 2498 narrat
1258 2425 1619 2517 quomodo
1657 2426 1776 2497 ille
1806 2481 1822 2508 ‚
1868 2427 2110 2498 senior
2142 2428 2288 2517 jam
2333 2434 2401 2499 et
2438 2448 2557 2519 spe
2598 2427 2703 2495 vi-

576 2558 686 2622 tae
736 2550 933 2621 tenui
968 2559 1377 2642 aegrotans,
1417 2550 1930 2621 obsecrantibus
1971 2551 2346 2642 discipulis
2370 2589 2409 2635 ,·
2433 2572 2710 2625 succes-

579 2695 809 2749 sorem
856 2694 1063 2747 suum
1108 2675 2070 2767 designaverit,.quibusque
2111 2679 2348 2749 causis
2387 2677 2708 2778 Eudemo
2808 2669 2823 2676 ⁴

587 2799 731 2894 (alii
779 2818 919 2871 non
971 2808 1152 2872 recte
1196 2801 1610 2882 Menedemo
1659 2798 1929 2895 dicunt)
1979 2800 2072 2894 (5)
2135 2803 2705 2893 Theophrastum

580 2924 1021 3017 praetulerit.
2710 3019 2717 3024 ἢ

99 3082 363 3146 μχχψ,
395 3097 442 3146 v,
477 3088 521 3134 1,
676 3049 1416 3122 commentationibus
1475 3050 1879 3127 Aristotelis
1930 3049 2112 3120 duas
2168 3050 2426 3143 species
2481 3050 2708 3125 fuisse

579 3175 711 3261 ait,
769 3193 1070 3265 quarum
1129 3175 1363 3246 varias
1412 3182 1699 3265 partes,
1754 3174 2111 3248 omnibus.
2147 3183 2396 3257 notas,
2449 3151 2708 3249 referre

580 3300 697 3396 hic
727 3299 983 3372 inutile
1012 3306 1122 3372 est
1167 3296 1295 3393 (4).
1344 3299 1576 3371 Libris
1620 3306 1858 3372 tamen
1899 3299 2263 3372 acroatiois
2303 3302 2509 3393 vulgo
2550 3302 2704 3374 edi-

638 3582 707 3648 (1)
740 3580 817 3633 Cf.
853 3579 961 3632 Cic.
1000 3602 1010 3631 ι
1044 3600 1070 3628 α
1101 3579 1577 3645 Peripateticorum
1615 3582 1866 3646 princeps
1904 3582 2218 3633 Aristoteles
2261 3597 2443 3646 quem,
2484 3588 2708 3649 excepto

575 3673 811 3733 Platone,
834 3671 974 3720 haud
994 3672 1106 3721 scio
1130 3685 1194 3720 an
1221 3675 1362 3721 recte
1387 3670 1615 3720 dixerim
1642 3671 1935 3736 principem
1961 3673 2395 3740 philosophorum
2422 3690 2447 3717 n
2475 3673 2563 3735 (De
2584 3674 2703 3737 fin„

577 3762 642 3826 V,
676 3763 741 3826 3).
764 3781 798 3816 ,α
828 3762 1139 3811 Aristoteles
1167 3762 1323 3824 longe
1347 3761 1596 3810 omnibus
1624 3759 1920 3822 (Platonem
1944 3775 2151 3825 semper
2181 3761 2408 3825 excipio)
2428 3764 2706 3823 praestans

574 3859 626 3903 et
654 3854 869 3917 ingenio
896 3856 949 3901 et
977 3851 1309 3912 diligentia...
1340 3851 1583 3914 ».‚(Tusc
1618 3850 1660 3911 Ι,
1692 3848 1786 3912 10).

637 3943 704 4012 (ἳ)
735 3942 914 3998 Deme.
941 3957 1024 4008 op.
1056 3944 1164 4003 cit„
1192 3947 1230 3992 t.
1266 3942 1304 4000 Ι
1338 3956 1391 4005 p.
1429 3940 1534 3991 191.

637 4035 701 4098 (3)
730 4032 811 4084 Cf.
838 4031 967 4082 Edd.
1005 4030 1240 4083 Tauchn.
1245 4030 1642 4081 ·.Panckoucke
1674 4056 1733 4066 -
1763 4026 1833 4081 M.
1865 4028 2053 4089 Hertz
2093 4027 2385 4080 1877-1883.
2423 4055 2481 4064 -
2512 4026 2704 4089 muer,

575 4122 1267 4187 flist.ph.anc.,t.111‚p.
1302 4122 1408 4174 329.
1443 4149 1498 4158 -
1529 4120 1718 4182 Zeller,
1749 4120 1886 4171 Phil.
1919 4120 2006 4169 des
2036 4121 2196 4169 Grecs.

636 4215 701 4279 (4)
732 4213 868 4263 Vide
901 4214 1093 4272 Ritter,
1126 4213 1274 4274 ibid„
1308 4228 1360 4274 p.
1396 4210 1466 4261 to.
