3125 4959
1497 440 1813 499 ...44-

109 606 160 657 L.
190 608 320 670 xix,
358 622 399 659 e.
432 623 533 660 xw.
591 586 822 653 teatur
860 580 935 649 in
978 580 1132 667 ejus
1173 576 1877 649 commentationibus
1915 579 2155 650 inesse
2194 577 2719 660 obscuritatem,

22 701 25 702 ⁷
590 704 792 777 addit
822 710 1114 788 tamen:
1169 731 1197 767 α
1237 702 1719 781 doctrinarum
1758 704 2303 776 multiformium
2338 710 2727 776 variarum-

593 848 733 920 que
768 830 1027 901 artium
1064 830 1328 919 quibus
1364 830 1779 901 humanitas
1828 830 2108 901 erudita
2158 837 2266 901 est
2315 830 2630 901 culmina
2681 858 2711 893 »

592 955 815 1029 fuisse
840 958 930 1030 M.
972 958 1356 1028 Varronem
1391 964 1460 1028 et
1485 958 1558 1026 P.
1595 956 1985 1047 Nigidium.
2021 956 2159 1028 Sed
2192 956 2383 1047 apud
2416 957 2722 1027 Gellium

595 1081 1100 1155 desiderantur
1132 1100 1314 1172 quae
1347 1081 1545 1152 illius
1580 1082 1969 1172 patefacere
2000 1082 2534 1172 philosophiam
2569 1063 2728 1172 p‘os-

590 1215 776 1293 sent,
825 1207 946 1298 qui
995 1203 1499 1299 Pythagoricus
1541 1214 1609 1279 et
1649 1226 1895 1299 magus
1936 1207 2196 1281 dicitur
2226 1208 2578 1297 cuiusque
2618 1226 2726 1279 co·

588 1351 899 1423 gnomen
958 1333 1393 1423 astrologum
1454 1330 1939 1422 significahat,
1995 1332 2263 1422 quippe
2322 1350 2480 1402 cum
2546 1332 2726 1403 coeli

589 1464 865 1528 motum
904 1476 1063 1527 cum
1105 1455 1444 1546 figulinae
1489 1463 1681 1526 rotae
1729 1464 1926 1526 motu
1978 1464 2442 1546 compararet.
2486 1456 2726 1528 Nobili

589 1599 844 1672 genere
882 1588 1093 1652 natus
1133 1582 1707 1671 optimatumque
1742 1588 1976 1671 partes
2008 1589 2321 1663 secutus,
2359 1581 2446 1652 ad
2478 1583 2727 1674 Pytha-

587 1725 797 1797 gorae
850 1705 1303 1796 disciplinam
1363 1705 1715 1778 inclinare
1768 1714 2022 1777 natura
2074 1707 2381 1779 debebat
2436 1716 2505 1778 et
2563 1727 2723 1779 cum

466 1899 471 1908 ,
589 1850 871 1904 summa
913 1830 1053 1903 tide
1093 1838 1162 1902 et
1195 1840 1344 1903 arte
1384 1832 1589 1911 mira,
1630 1850 1770 1912 non
1806 1831 1962 1902 sine
1993 1834 2398 1923 praestigiis
2430 1833 2729 1922 quihus-

590 1957 780 2037 dam,
823 1957 897 2026 in
936 1956 1384 2028 orationihus
1426 1957 1580 2028 suis
1615 1975 1759 2027 non
1801 1956 2043 2027 miuus
2078 1976 2292 2046 quam
2326 1958 2400 2029 in
2439 1958 2726 2048 scriptis

588 2081 677 2152 ad
719 2081 1016 2153 deorum
1066 2088 1133 2152 et
1175 2100 1408 2152 rerum
1453 2088 1781 2151 naturam
1826 2082 2392 2171 pertinentibus,
2441 2101 2722 2155 concre·

591 2214 731 2278 tam
772 2225 811 2278 e
869 2206 1383 2279 diversissimis
1433 2206 1810 2277 elementis
1865 2206 2257 2277 doctrinam
2311 2207 2641 2297 exposuit
2705 2233 2722 2277 ε

589 2350 732 2421 qua
763 2337 1041 2402 constat
1061 2332 1340 2402 animos
1367 2330 1743 2402 hominum
1779 2332 1884 2401 vel
1915 2318 2493 2403 doctissimorum
2527 2334 2728 2423 peni·

589 2461 704 2525 tus
746 2460 1137 2524 commotos
1179 2451 1401 2523 fuisse
1445 2449 1572 2545 (l).
1622 2453 2099 2538 Quamobrem
2143 2473 2285 2524 non
2331 2456 2589 2526 mirum
2619 2464 2728 2527 est

591 2580 784 2669 quod
838 2579 1107 2649 Gellius
1163 2578 1226 2649 ei
1296 2575 1509 2650 valde·
1561 2577 1957 2661 studuerit,
2031 2579 2250 2650 insita
2316 2580 2727 2653 curiositate

589 2704 990 2795 impulsus,
1027 2720 1158 2774 nec
1198 2708 1430 2773 tamen
1473 2702 1669 2772 illam
1724 2702 2182 2774 multifariam
2231 2711 2300 2776 et
2348 2723 2434 2776 ex
2489 2705 2717 2795 pluri-

591 2828 726 2900 bus
767 2830 1094 2900 haustam
1138 2828 1402 2899 scholis
1462 2827 2032 2918 philosophiam,
2080 2827 2153 2898 in
2206 2848 2421 2919 quam
2475 2831 2720 2922 pytha-

591 2972 962 3046 goreorum
1019 2960 1087 3025 et
1140 2952 1662 3049 platonicorum
1729 2954 2032 3043 placita,
2093 2973 2504 3044 graecorum
2573 2955 2721 3046 opi-

592 3080 848 3152 niones
889 3078 1291 3169 traditaque
1316 3060 1615 3150 orientis
1648 3079 2038 3159 coiverunt,
2079 3081 2553 3170 penetraverit
2587 3078 2715 3174 (2).

1155 3361 1227 3428 7⁰
1267 3355 1379 3427 De
1431 3355 1757 3428 Terentio
1809 3355 2161 3427 Varrone.

692 3638 945 3729 Magna
1029 3643 1214 3708 certe
1290 3633 1421 3707 fuit
1500 3638 1577 3707 T.
1658 3637 1999 3708 Varronis
2087 3637 2427 3719 scientia,
2508 3656 2721 3727 quem

596 3762 839 3834 Cicero
871 3759 1231 3853 praedicat
1260 3759 1615 3829 hominem
1651 3760 1965 3830 omnium
1994 3759 2216 3853 facile
2243 3761 2726 3832 acutissimum

656 4073 726 4139 (l)
753 4071 831 4125 Cf.
862 4070 1157 4123 Mommsen
1184 4076 1238 4122 et
1259 4070 1484 4133 Teuffel,
1514 4069 1606 4122 loc.
1637 4071 1724 4122 cit.
1757 4098 1813 4109 -
1845 4070 2175 4133 Renouvier‚
2210 4072 2350 4122 Han.
2379 4073 2440 4122 de
2465 4071 2553 4140 ph.
2584 4085 2725 4128 ano..

598 4175 637 4216 t.
667 4164 733 4222 ΙΙ,
767 4180 816 4228 p.
846 4163 957 4213 234.

660 4254 727 4319 (ἲ)
759 4252 840 4305 Cf.
872 4252 1052 4310 Denis,
1082 4266 1164 4319 op.
1196 4251 1252 4314 l.,
1283 4254 1322 4304 t.
1357 4252 1398 4313 Ι,
1430 4266 1479 4316 p.
1516 4249 1627 4301 ⁶257.
