3125 4959
1453 476 1774 538 ...46-

553 615 932 706 aiebatque
963 631 1124 687 eum
1163 613 1287 707 qui
1315 613 1485 684 tollit
1514 613 1765 702 vitium
1799 635 2102 684 umorem
2133 612 2686 684 commodiorem

111 761 164 811 t.
196 761 232 821 l,
264 773 308 810 c.
338 773 457 810 xvn.
546 745 923 833 praestare
946 793 964 826 ,
1003 737 1126 831 qui
1159 737 1306 831 fert
1337 760 1479 809 sese
1515 737 1885 810 meliorem
1915 738 2186 832 facere.

70 877 118 926 L.
140 877 198 936 ΙΙ,
219 890 261 928 c.
280 890 418 926 xvm.
439 902 500 913 -

110 939 232 1000 ΧΙΙΙ,
259 952 303 989 c.
331 951 452 989 xxx.

654 867 754 939 De
784 864 1024 938 satiris
1065 863 1437 954 Menippeo
1478 882 1675 937 more
1713 883 1756 935 a
1793 865 2110 937 Varrone
2138 864 2423 955 scriptis
2456 865 2689 937 multa

556 1008 691 1063 nos
730 990 933 1063 docet
971 989 1268 1071 Gellius,
1303 1007 1387 1062 ex
1421 989 1688 1080 quibus
1728 991 1911 1061 vitae
1952 997 2323 1081 praecepta
2359 1008 2502 1061 non
2536 997 2689 1061 tan·

558 1124 706 1189 tum
748 1115 1157 1189 communia
1196 1114 1324 1186 sed
1364 1114 1578 1186 etiam
1621 1114 2014 1205 singularia
2045 1115 2536 1205 expromebat.
2570 1115 2732 1187 Sic·

555 1242 616 1315 si
661 1249 895 1315 motus
940 1249 1166 1314 terrae
1196 1239 1423 1322 fieret,
1455 1239 1808 1311 litandum
1843 1258 2001 1312 esse
2031 1240 2293 1317 aiebat,
2330 1240 2682 1312 incertum

556 1367 689 1441 deo
723 1386 815 1439 an
854 1365 1057 1448 deae,
1099 1387 1188 1436 ne
1215 1364 1444 1435 alium
1474 1385 1616 1457 pro
1652 1364 1793 1434 alio
1828 1363 2267 1442 nominando
2294 1363 2494 1457 falsa
2526 1362 2702 1434 reli.-

70 1501 498 1562 :,.11,0.xxvm.
552 1491 762 1585 yz'one
796 1492 1106 1583 populus
1143 1490 1586 1583 alligaretur.
1625 1492 1928 1563 Tantum
1970 1492 2044 1563 in
2084 1490 2225 1563 diis
2263 1489 2686 1560 immortali-

132 2636 184 2686 L.
212 2635 253 2698 1,
284 2647 327 2685 c.
352 2647 440 2683 xx.

136 3142 184 3192 L.
217 3141 255 3202 l,
285 3152 325 3190 c.
358 3153 446 3191 xx.

552 1616 679 1688 bus
732 1614 1373 1688 adnmdvercendis
1428 1614 1804 1689 castissimi
1872 1615 2404 1710 cautissimique
2483 1623 2689 1688 erant

556 1742 898 1817 Romani!
972 1741 1225 1815 Satiris
1290 1742 1480 1815 enim
1537 1760 1696 1814 cum
1755 1760 1798 1812 a
1857 1742 2130 1814 Lucilio
2199 1741 2517 1815 differret
2583 1737 2678 1835 (l)

557 1869 773 1944 Varro
807 1879 876 1943 et
907 1867 1348 1942 Heraclidem
1385 1867 1945 1960 Menippumque
1972 1867 2355 1958 magistros
2379 1885 2550 1940 suos
2583 1863 2677 1959 (2)

553 1996 978 2079 imitaretur,
1022 1995 1443 2068 nonservili
1483 1994 1695 2066 modo
1737 1995 2210 2085 sequebatur,
2254 2013 2337 2067 ac
2375 1994 2434 2066 si
2476 1992 2566 2064 ab
2598 1993 2688 2065 iis

552 2122 849 2195 formam
895 2128 1209 2213 peteret,
1261 2127 1574 2193 attamen
1631 2138 1715 2191 ex
1758 2119 2059 2191 historia
2115 2137 2289 2193 suae
2342 2093 2574 2211 gentis
2607 2136 2689 2190 ac

554 2247 933 2341 praecipue
972 2246 1083 2318 sui
1125 2244 1504 2337 temporis,
1555 2252 1634 2318 ut
1687 2263 1913 2336 nuper
1944 2244 2210 2317 dictum
2264 2251 2413 2327 est,
2469 2250 2687 2317 mate·

555 2373 732 2446 riam
775 2370 1151 2446 hauriebat
1196 2368 1326 2465 (5).
1381 2408 1477 2423 —
1529 2371 1727 2442 Hanc
1775 2388 1930 2443 rem
1972 2370 2243 2443 Gellius
2296 2388 2444 2442 non
2496 2368 2689 2441 indi·

558 2498 767 2571 cavit.

658 2622 862 2709 Quod
889 2621 979 2695 ad
1005 2622 1465 2714 geometriam
1499 2620 1836 2712 pertinet,
1869 2621 2102 2695 lineae
2134 2622 2300 2693 citat
2328 2620 2688 2694 definitio-

561 2768 723 2823 nem
763 2766 977 2842 quam
1016 2750 1238 2822 Varro
1292 2747 1392 2820 ait
1456 2773 1487 2811 ε
1540 2747 2060 2839 longitudinem
2102 2747 2489 2839 quamdam
2530 2746 2691 2820 sine

558 2874 940 2948 latitudine
976 2881 1045 2947 et
1083 2873 1464 2946 altitudine
1504 2900 1534 2937 ι
1576 2873 1813 2946 adhue
1840 2881 2285 2964 usurpatam,
2322 2872 2515 2965 quod
2547 2892 2691 2945 uno

560 3001 773 3074 verbo
797 3007 1073 3072 tantum
1108 2998 1328 3071 latino
1354 2999 1657 3091 exprimi
1694 3017 1836 3072 non
1871 3018 2082 3091 posse
2109 3006 2352 3072 censet
2386 2999 2685 3079 Gellius,

560 3125 704 3197 nisi
745 3124 909 3216 quis
946 3123 1205 3197 audeat
1245 3123 1479 3196 dicere
1518 3121 1876 3195 z’llatabile.
2017 3129 2026 3136 ‘

658 3250 898 3324 Multis
937 3248 1099 3321 aliis
1129 3248 1470 3320 Varronis
1513 3249 1926 3340 fragmentis
1965 3268 2006 3320 a
2045 3258 2289 3322 nostro
2322 3253 2690 3342 proposito

558 3375 816 3448 alienis
861 3375 1132 3446 Gellius
1172 3392 1346 3446 sane
1384 3372 1702 3446 ostendit
1740 3392 1816 3446 se
1864 3375 2298 3466 permultum
2343 3395 2426 3449 eo
2477 3394 2690 3448 usum

561 3501 785 3574 fuisse
824 3499 1405 3591 cum‘paucorum
1446 3499 1521 3570 in
1566 3499 1903 3573 manibus
1938 3510 2392 3574 versarentur
2429 3520 2686 3593 opera;

560 3643 646 3699 ex
696 3644 838 3717 quo
878 3625 1090 3698 etiam
1138 3632 1432 3715 apparet
1488 3642 1631 3715 quo
1685 3622 2009 3698 discendi
2069 3627 2309 3700 studio
2364 3628 2694 3718 flagraret

560 3758 630 3825 et
667 3763 840 3824 suae
875 3750 1129 3842 aetatis
1184 3749 1568 3842 imaginem
1620 3747 1984 3841 effingeret
2035 3770 2178 3842 qua
2231 3750 2694 3824 doctissimus

561 3874 872 3966 quisque
921 3873 1013 3946 ad
1060 3873 1544 3948 vetutissimos
1584 3875 1971 3966 scriptores
2020 3874 2361 3967 legendos
2420 3893 2693 3967 pronus

629 4103 695 4168 (ι)
723 4101 804 4154 cr.
835 4100 1147 4166 Mommsen,
1173 4103 1325 4167 ibid„
1352 4087 1404 4169 ρ’.
1429 4101 1539 4155 342.

628 4192 694 4259 (π)
726 4192 856 4245 icta.

625 4282 694 4349 (3)
720 4283 875 4345 loia„
911 4298 961 4347 p.
992 4280 1120 4342 3433
1147 4283 1220 4335 ef.
1251 4280 1471 4338 Teuffel,
1496 4284 1536 4335 t.
1569 4280 1611 4340 1,
1642 4295 1696 4345 p.
1726 4279 1836 4343 265,
1862 4279 1975 4332 268.
