3125 4959
151 867 201 917 L.
225 865 322 929 vn,
351 879 393 916 c.
419 881 471 928 11,
499 871 572 914 11.

145 1120 198 1172 L.
220 1120 318 1176 vu,
343 1133 384 1171 c.
412 1134 463 1180 ιι,
494 1124 570 1169 12.

142 1618 195 1668 1..
218 1619 318 1680 vn,
342 1631 385 1673 c.
407 1633 461 1683 n,
488 1623 566 1669 13.

47 1747 50 1750 '
142 1746 192 1800 L.
215 1747 315 1809 vn,
342 1762 384 1798 c.
405 1763 459 1808 n,
486 1752 563 1799 15.

144 3002 194 3050 L.
215 3002 334 3062 XIV,
360 3015 399 3051 c.
425 3016 491 3060 xv,
516 3007 561 3050 3.

141 3378 192 3427 L.
216 3376 337 3438 XIV,
358 3388 400 3426 c.
423 3388 493 3435 ιν,
516 3380 568 3426 5.

140 3632 190 3680 1..
213 3630 335 3690 xlv,
362 3643 403 3682 e.
424 3643 492 3690 tv,
515 3633 561 3676 ι.

1536 463 1859 527 ..84-

632 606 702 674 et
748 602 1139 675 necessitas
1196 600 1319 674 fati
1374 627 1391 674 ε
1455 602 1767 694 impetus
1820 621 1984 675 vero
2038 603 2504 692 consiliorum
2559 621 2767 675 men-

630 726 957 817 tiumque
995 733 1401 799 nostrarum
1435 728 1898 818 actionesque
1935 727 2132 819 ipsas
2162 729 2491 801 voluntas
2527 728 2766 819 cujus-

630 869 771 942 que
809 853 1100 943 propria
1136 858 1207 923 et
1253 852 1659 937 animorum
1699 851 1988 943 ingenia
2035 852 2495 925 moderantur
2542 850 2674 945 (l).
2715 880 2747 917 ι

630 977 877 1067 ltaque
924 995 1081 1048 cum
1131 977 1592 1068 Pythagoreis
1630 977 1854 1049 credit
1892 978 2224 1050 homines
2263 997 2559 1050 suorum
2601 996 2765 1051 esse

627 1103 979 1174 malorum
1010 1110 1363 1182 auctores,
1391 1110 1783 1192 nostroque
1812 1103 2108 1184 arbitrio
2134 1111 2208 1198 ‚et
2236 1103 2525 1195 proprio
2559 1111 2764 1176 motu

625 1228 703 1300 in
755 1246 1068 1300 errorem
1121 1234 1191 1299 et
1241 1227 1410 1299 vitia
1461 1228 1820 1317 malaque,
1867 1246 2050 1317 quae
2101 1227 2269 1300 inde
2320 1235 2754 1318 sequuntur,

624 1372 759 1425 nos
795 1352 1114 1425 immitti.
1142 1352 1363 1443 Negat
1391 1352 1924 1423 excusationem
1956 1351 2238 1424 admitti
2260 1370 2483 1443 posse
2508 1349 2758 1425 eorum

626 1478 750 1567 qui
797 1496 879 1548 ea
911 1497 1093 1569 quae
1121 1475 1423 1568 pessime
1461 1475 1790 1568 fecerunt
1825 1497 1968 1545 non
2010 1497 2180 1547 suae
2217 1476 2607 1549 temeritati
2640 1476 2769 1548 sed

619 1600 773 1694 fato
808 1623 950 1671 esse
986 1599 1440 1672 attribuenda
1479 1608 1844 1674 asserunt.
2326 1591 2333 1598 ⁶

723 1729 921 1798 Hanc
971 1726 1468 1818 quaestionem
1524 1724 2091 1797 obscurissimam
2149 1734 2221 1798 et
2278 1723 2756 1818 implicatissi-

623 1873 821 1921 mam
867 1848 960 1946 (2)
1021 1869 1154 1923 nec
1200 1851 1355 1942 eJ'us
1408 1850 1677 1923 nodum
1734 1870 1777 1924 a
1828 1849 2227 1942 Chrysippo
2281 1839 2580 1922 dissolvi
2634 1870 2758 1942 po-

622 1976 848 2051 tuisse
881 1976 1070 2049 ‚dixit
1106 1975 1383 2048 Tullius
1419 1975 1493 2047 in
1535 1977 1722 2048 libro
1758 1975 1847 2048 de
1871 1974 2055 2045 Fato
2091 1975 2464 2068 inscripto.
2509 1977 2757 2048 Faten-

622 2102 793 2176 dum
855 2103 1045 2174 enim
1107 2108 1214 2173 est
1273 2108 1699 2196 argumenta
1755 2120 1939 2192 quae
1998 2120 2039 2171 a
2097 2101 2499 2192 Chrysippo
2567 2102 2760 2176 edita

621 2229 835 2301 refert
874 2229 1145 2306 Gellius
1187 2246 1437 2319 parum
1480 2245 1642 2299 esse
1674 2226 1915 2307 firma;
1952 2223 2197 2316 itaque
2236 2245 2318 2299 ea
2349 2227 2754 2300 Carneades

620 2355 1098 2446 redarguisse,
1136 2354 1336 2425 nulla
1376 2359 1615 2425 tamen
1656 2351 1982 2424 adhibita
2019 2352 2379 2424 calumnia
2417 2349 2549 2444 (3),
2586 2352 2757 2424 dici-

622 2485 738 2552 tur
785 2475 908 2573 (4).

719 2603 936 2689 Quod·
984 2603 1045 2675 si
1100 2602 1174 2674 in
1232 2603 1357 2674 illa
1408 2602 1531 2675 fati
1587 2622 1669 2675 ac
1721 2602 1929 2674 liberi
1992 2601 2270 2673 arbitrii
2318 2601 2751 2675 conciliandi

621 2725 1035 2799 difficultate
1090 2728 1423 2799 titubavit
1474 2728 1945 2820 Chrysippus,
1993 2726 2374 2818 imaginem
2421 2728 2753 2802 lustitiae

622 2852 1210 2944 perfectissimam
1253 2853 1326 2924 in
1375 2852 1557 2928 libro
1605 2855 1740 2948 περὶ
1786 2861 1979 2921 καλοῦ
2024 2855 2129 2920 καὶ
2169 2848 2392 2933 «ἡδονῆς
2437 2853 2751 2946 descrip-

621 2978 740 3063 sit,
801 2995 944 3067 qua
1000 2977 1445 3069 significatur
1497 2976 1871 3067 judicem,
1928 2975 2261 3067 justitiae
2324 2978 2744 3059 antistitem,

622 3111 947 3194 oportere
986 3121 1144 3175 esse
1179 3120 1488 3194 gravem.
1536 3101 1890 3173 Admonet
1932 3108 2169 3173 tamen
2210 3102 2483 3174 Gellius
2533 3121 2748 3193 quos-

623 3221 784 3299 da'm
865 3228 1312 3300 delicatiores
1388 3227 1859 3319 philosophos
1942 3226 2279 3298 saevitiae
2349 3225 2749 3318 imaqinem

620 3351 834 3424 istam.
865 3374 1031 3435 esse,
1075 3371 1215 3421 non
1230 3351 1568 3441 justitiae
1615 3351 1909 3424 dixisse.
1958 3351 2086 3422 Ille
2124 3370 2287 3423 vero
2333 3351 2432 3423 ait
2478 3350 2752 3446 vultum

618 3475 768 3565 ejus
803 3473 1072 3548 severis,
1107 3480 1315 3566 atque
1362 3471 1783 3544 venerandis
1819 3474 2203 3543 verborum
2248 3470 2587 3543 coloribus
2628 3472 2753 3544 de-

619 3598 916 3688 pictum.
2422 3667 2441 3686 „

716 3722 940 3805 Idem,
984 3723 1312 3796 versibus
1353 3723 1717 3815 Euripidis
1766 3725 2025 3807 citatis,
2072 3723 2494 3815 saepissime
2533 3740 2746 3795 usum

678 3987 747 4051 (ι)
774 3984 906 4050 cic„
935 3987 1006 4039 De
1033 3988 1177 4052 Fato,
1210 3987 1285 4039 18.

678 4075 747 4141 (2)
773 4076 872 4139 ra„
904 4078 1058 4139 ebra„
1093 4076 1167 4131 ιτ.

679 4166 744 4230 (a)
773 4165 903 4224 cic..
931 4167 1082 4228 iba-a„
1116 4165 1263 4223 X1v,
1294 4166 1372 4216 3¹.

565 4325 574 4332 ,
683 4256 747 4316 (4)
780 4255 1064 4318 Brochard,
1097 4259 1180 4305 Les
1207 4256 1482 4321 sceptiques
1511 4269 1667 4318 precs,
1698 4271 1747 4318 p.
1787 4254 1874 4305 ¹50
1903 4260 1952 4304 et
1980 4268 2088 4317 seq.
