3125 4959
1562 479 1910 541 —50-

184 639 228 683 r...
256 639 288 691 ι,
316 651 441 695 ψη,
465 647 505 695 3,,
533 655 601 699 51..
761 623 925 689 Tres
957 617 1556 708 Pythagoreorum
1589 617 1880 689 ordines
1911 623 2283 689 enumerat
2312 623 2383 689 et
2409 614 2795 706 distinguit

661 743 927 813 stellius
979 766 995 812 :
1041 741 1233 831 quod
1265 743 1753 833 pervulgatum
1794 741 2215 814 meminisse
2252 742 2428 813 satis
2468 747 2603 812 est.
2649 740 2794 811 As-

657 867 829 935 soi-it
880 884 1167 957 quoque
1207 866 1392 938 inter
1430 867 1904 959 Pythagoreos
1947 866 2353 939 societatem
2398 863 2790 957 quamdam

657 989 1195 1083 inreparabilem
1238 991 1500 1073 fuisse,
1549 992 1859 1064 similem
1900 992 2020 1064 'illi
2072 991 2369 1081 antiquo
2424 988 2789 1063 consortio
2910 1008 2917 1015 ·

657 1114 844 1203 ..wod
885 1115 1180 1186 Romani
1221 1116 1683 1206 appellabant
1716 1123 1902 1186 erc-to
1932 1138 2070 1186 non
2100 1115 2259 1187 cito.
2298 1115 2602 1203 Quidam
2642 1132 2793 1186 cre-

653 1243 832 1311 dunt
866 1239 1046 1312 illud
1086 1240 1446 1312 societatis
1487 1242 1927 1313 consortium
1963 1222 2521 1336 paucistantum
2560 1240 2791 1312 fuisse

657 1350 1039 1447 tributum,
1099 1364 1366 1439 scilicet
1404 1366 1493 1437 iis
1534 1365 1657 1455 qui
1702 1367 1773 1438 in
1813 1367 2123 1457 primum
2167 1366 2491 1439 ordinem
2542 1384 2791 1456 perve-

657 1496 907 1560 nerant
952 1485 1080 1582 (1).

753 1619 940 1686 [nter
969 1633 1051 1686 ea
1086 1633 1269 1705 quae
1308 1615 1396 1687 de
1437 1616 1896 1706 Pythagoreis
1930 1616 2275 1689 disseruit
2308 1616 2607 1698 Gellius,
2643 1616 2795 1689 dis·

176 1751 589 1811 ¹a-1¹··'w=-¹x-1-÷=1÷-
657 1747 851 1827 [lutat
908 1758 1080 1811 num
1129 1740 1551 1813 animalium
1612 1760 1823 1813 carne
1882 1749 1952 1813 et
2008 1742 2193 1813 fabis
2245 1743 2790 1827 abstinuerint,

653 1884 864 1955 quam
908 1864 1158 1936 falsam
1200 1865 1563 1937 existimat
1603 1866 2047 1957 opinionem.
2094 1868 2529 1939 Testimonia
2573 1867 2797 1940 refert

653 1991 1062 2063 l'hillimachi
1129 1999 1375 2080 poetae
1443 1991 1564 2082 qui
1638 1991 1820 2063 fabis
1886 1990 1975 2063 iis
2041 1991 2498 2064 interdictum
2559 1991 2792 2064 fuisse

649 2117 904 2188 aer-ierit
942 2114 1112 2205 quia
1157 2133 1415 2206 corpus
1456 2115 1879 2206 perturbent
1924 2113 2054 2209 (2),
2101 2134 2259 2187 cum
2301 2124 2548 2188 contra
2585 2116 2790 2189 Aris-

657 2255 981 2322 toxenus,
1016 2241 1417 2314 Aristotelis
1448 2240 1876 2333 discipuluS,
1913 2242 2036 2333 qui
2071 2248 2279 2333 negat
2310 2243 2508 2315 fabas
2539 2242 2791 2313 alvum

649 2367 1052 2448 .-;Ηϊηίαοενε,
1106 2367 1360 2439 referat
1400 2385 1475 2438 se
1514 2386 1555 2435 a
1598 2366 2058 2458 Pythagorico
2097 2367 2533 2458 Xenophilo,
2577 2369 2789 2457 cujus

653 2503 801 2563 erut
828 2492 1128 2574 amicus,
1152 2499 1290 2564 eta
1324 2491 1759 2582 quibusdam
1785 2492 1946 2563 aliis
1980 2492 2101 2582 qui
2137 2490 2225 2563 ab
2253 2498 2477 2563 aetate
2508 2489 2791 2583 Pytha-

649 2639 869 2711 gorae
917 2617 1119 2687 haud
1167 2616 1469 2687 multum
1530 2615 1865 2698 aberant,
1929 2614 2250 2690 audiisse
2308 2618 2786 2724 Pythagoram

657 2743 834 2815 labis
870 2743 1293 2833 saepissime
1327 2749 1397 2814 et
1427 2743 1740 2833 porculis
1774 2742 2248 2832 haedulisque
2281 2762 2488 2814 usum
2526 2742 2781 2826 fuisse,

653 2895 729 2943 ac
769 2870 1214 2951 Plutarchus,
1257 2876 1545 2941 auctore
1582 2868 1986 2949 Aristotele,
2030 2868 2505 2959 Pythagoreos
2538 2869 2788 2959 paucis

657 3003 925 3067 linitum
967 2994 1388 3065 animalium
1431 2992 1756 3084 partibus
1797 2991 1984 3063 dicat
2022 2992 2492 3096 abstinuisse.
2552 2992 2787 3063 Faba-

657 3143 805 3191 rum
839 3119 1409 3192 interdictionem
1444 3117 1715 3189 Gellius
1747 3116 2200 3205 interpretari
2229 3115 2508 3188 videtur
2535 3134 2790 3187 secun-

653 3251 817 3319 ilum
860 3244 1358 3338 Empedoclem
1399 3241 1492 3337 (5)
1543 3242 1694 3332 qui,
1738 3238 2148 3332 disciplinas
2180 3238 2653 3331 Pythayorae
2678 3261 2785 3308 se-

645 3379 859 3453 rufus,
895 3390 1102 3443 versu
1135 3368 1446 3459 quodam
1477 3367 1815 3439 carminis
1868 3393 1898 3431 α
1932 3384 2076 3436 non
2104 3385 2146 3435 a
2180 3364 2421 3436 fabulo
2461 3362 2779 3456 edendo,

649 3499 773 3567 aad
805 3518 845 3567 a
873 3496 972 3569 rei
999 3494 1327 3567 veneriae
1352 3490 1677 3583 proluvio
1708 3490 2041 3562 homines
2069 3488 2422 3563 deducere
2443 3515 2473 3554 ι
2521 3488 2779 3560 voluit.

653 3620 985 3691 Nnimulli
1049 3615 1350 3689 credunt
1411 3616 1595 3687 hanc
1661 3614 1868 3686 Gellii
1911 3615 2571 3704 interpretationem
2615 3630 2782 3685 esse

649 3747 893 3815 taleam
956 3749 1026 3813 et
1073 3762 1115 3811 a
1176 3739 1488 3831 quadam
1547 3739 2004 3830 orphicorum
2066 3738 2590 3811 consuetudine
2651 3737 2784 3808 de-

713 4015 773 4075 ul]
805 4010 990 4074 Zeller‚
1021 4012 1174 4071 ibid..
1205 4027 1256 4076 p.
1288 4010 1373 4062 311
1405 4031 1417 4067 ς
1448 4011 1519 4063 cf.
1551 4008 1729 4069 Grote,
1763 4010 1909 4068 ibid„
1944 4024 1994 4073 p.
2025 4006 2262 4059 252‘253.

705 4107 773 4159 [Ἢ
801 4099 878 4151 Cf.
905 4100 1036 4162 Cic.‚
1065 4104 1133 4151 De
1163 4101 1420 4157 Divinae..
1454 4101 1497 4161 Ι,
1528 4100 1608 4150 30.

705 4195 769 4254 [Δ]
805 4193 1002 4254 Εηηιεά.
1041 4201 1198 4241 carm.
1235 4191 1419 4254 sraqm.
1440 4227 1454 4252 ,
1487 4190 1571 4240 ed.
1608 4188 1836 4239 Mullach
1858 4227 1869 4244 ,
1903 4203 1951 4236 v.
1985 4188 2101 4248 4513
2134 4187 2204 4237 cf.
2240 4184 2438 4246 Ritter,
2472 4183 2599 4237 nist.
2627 4182 2692 4233 de
2723 4177 2780 4234 la

637 4287 769 4343 filus.
801 4296 937 4336 nnc..
967 4287 1002 4329 t.
1036 4279 1077 4340 Ι,
1109 4296 1162 4342 p.
1192 4279 1302 4341 299,
1335 4285 1471 4330 note.
1504 4307 1562 4315 —
1589 4276 1862 4341 Chaignet,
1892 4277 2187 4339 Pythagor&
2217 4282 2252 4324 t.
2289 4273 2329 4335 1,
2358 4290 2408 4337 p.
2453 4272 2559 4324 122.
