3125 4959
198 1682 614 1760 ulva-maq-
671 1700 871 1782 putat
928 1719 1098 1775 num
1145 1712 1565 1790 animalium
1623 1742 1844 1798 carne
1895 1739 1968 1801 et
2023 1735 2214 1809 fabis
2263 1742 2814 1834 abstinuerint,

670 1838 884 1910 quam
924 1824 1173 1903 falsam
1214 1839 1574 1916 existimat
1612 1851 2062 1938 opinionem.
2109 1862 2554 1940 Testimonia
2598 1874 2818 1946 refert

666 1945 1076 2028 Callimachi
1142 1970 1387 2049 poetae
1452 1971 1576 2058 qui
1645 1973 1830 2048 labis
1895 1980 1988 2053 iis
2053 1985 2520 2065 interdictum
2579 1997 2812 2071 fuisse

662 2078 919 2150 asserit
954 2081 1123 2171 quia
1167 2104 1425 2179 corpus
1464 2099 1887 2184 perturbent
1931 2104 2066 2198 (2),
2110 2129 2274 2183 cum
2315 2127 2568 2189 contra
2603 2123 2807 2195 Aris·

665 2211 993 2288 toxenus,
1026 2209 1425 2288 Aristotelis
1454 2218 1884 2314 discipulus,
1917 2233 2045 2322 qui
2078 2246 2290 2328 negat
2321 2242 2525 2316 fabas
2555 2247 2806 2318 alvum

654 2330 1061 2417 subducere,
1115 2340 1365 2413 referat
1404 2362 1482 2415 se
1517 2366 1559 2415 a
1601 2349 2066 2444 Pythagorico
2103 2362 2548 2455 Xenophilo,
2590 2375 2801 2462 cujus

655 2467 807 2533 erat
834 2460 1134 2544 amicus,
1157 2472 1226 2536 et
1252 2486 1295 2536 a
1327 2469 1762 2558 quibusdam
1786 2477 1952 2551 aliis
1983 2485 2106 2573 qui
2140 2485 2232 2556 ab
2257 2497 2489 2562 aetate
2517 2493 2802 2587 Pytha-

649 2610 876 2684 9orae
922 2586 1125 2657 haud
1171 2591 1472 2663 multum
1531 2596 1868 2684 aberant,
1929 2609 2256 2684 audiisse
2314 2617 2795 2724 Pythagoram

653 2714 838 2788 fabis
873 2715 1297 2805 saepissime
1328 2726 1399 2791 et
1427 2725 1740 2811 porculis
1773 2728 2252 2826 haedulisque
2283 2760 2494 2813 usum
2531 2744 2789 2832 fuisse,

648 2864 733 2918 ac
766 2842 1214 2926 Plutarchus,
1257 2854 1545 2919 auctore
1580 2850 1986 2939 Aristotele,
2028 2860 2509 2956 Pythagoreos
2537 2876 2793 2960 paucis

648 2978 926 3046 tantum
967 2968 1386 3042 animalium
1428 2974 1754 3064 partibus
1793 2979 1982 3054 dicat
2020 2984 2494 3065 abstinuisse.
2555 2997 2790 3069 Faba-

645 3117 802 3171 rum
835 3094 1408 3170 interdictionem
1440 3099 1712 3172 Gellius
1741 3085 2196 3196 interpretari
2226 3113 2509 3188 videtur
2535 3137 2802 3193 secun-·

641 3227 812 3298 dum
844 3219 1355 3316 ‘Empedoclem
1395 3222 1489 3317 (5)
1538 3225 1690 3314 qui,
1732 3226 2144 3320 disciplinas
2175 3233 2652 3330 Pythagorae
2675 3267 2783 3315 se-

634 3357 852 3434 cutus,
888 3369 1095 3422 versu
1129 3348 1441 3438 quodam
1471 3352 1809 3422 carminis
1862 3381 1893 3418 ι
1928 3374 2070 3428 non
2098 3378 2140 3429 a
2173 3360 2417 3436 fabulo
2456 3367 2775 3464 edendo,

638 3477 763 3551 sed
794 3497 836 3548 a
866 3475 964 3548 rei
992 3473 1321 3548 veneriae
1344 3472 1671 3566 proluvio
1702 3477 2034 3554 homines
2062 3482 2416 3563 deducere
2438 3517 2468 3554 ι
2515 3494 2772 3569 voluit.

634 3599 978 3672 Nonnulli
1040 3596 1342 3671 credunt
1404 3600 1587 3672 hanc
1651 3602 1858 3676 Gellii
1902 3605 2566 3700 interpretationem
2607 3636 2773 3691 esse

633 3724 883 3797 falsam
947 3730 1017 3795 et
1063 3744 1106 3795 a
1167 3724 1479 3814 quadam
1537 3726 1995 3817 orphicorum
2058 3739 2582 3813 consuetudine
2643 3742 2771 3814 de-

696 3993 760 4060 (l)
791 3993 979 4057 zener,
1012 3995 1163 4056 ibid„
1195 4011 1246 4060 p.
1278 3993 1362 4046 311
1393 4017 1406 4052 ·‚
1437 3996 1507 4050 cf.
1539 3993 1717 4057 Grote,
1750 3998 1897 4060 ibid„
1931 4017 1982 4066 p.
2013 4002 2249 4054 2520253.

687 4083 758 4149 (⁸2)
785 4083 864 4137 Cf.
893 4083 1025 4145 Cic.,
1053 4087 1122 4136 De
1151 4085 1408 4142 Divina..
1443 4087 1484 4147 I,
1516 4086 1596 4137 30.

688 4173 756 4240 (3)
786 4176 990 4239 Emped.
1029 4186 1186 4226 carm.
1223 4175 1407 4240 froom.
1427 4213 1442 4238 ,
1474 4177 1556 4228 ed.
1594 4176 1823 4229 Mullach
1845 4219 1856 4235 .
1889 4195 1937 4229 v.
1971 4180 2087 4243 4513
2120 4183 2190 4232 ct.
2224 4182 2422 4247 Ritter,
2456 4186 2584 4241 Hirr.
2612 4188 2677 4239 de
2704 4184 2762 4241 la

621 4264 752 4328 phil.
785 4281 924 4321 auc..
954 4270 989 4314 t.
1023 4262 1064 4325 1,
1095 4281 1150 4328 p.
1179 4265 1288 4327 299,
1321 4272 1457 4318 note,
1490 4294 1549 4304 -
1575 4264 1847 4331 Chaignet,
1877 4270 2172 4335 Pythaqore,
2201 4279 2236 4321 t.
2272 4272 2313 4334 1,
2341 4290 2392 4337 p.
2437 4274 2543 4326 122.
