3125 4959
185 761 238 816 5..
269 759 350 827 lx,
378 773 422 812 c.
453 773 520 812 iv.

171 1413 222 1464 l..
253 1411 372 1476 ΧΙΧ,
402 1424 446 1464 e.
477 1425 546 1464 m.

147 1663 194 1716 1,,
219 1661 337 1728 xlx,
359 1675 404 1716 e.
429 1675 496 1727 ιιι,
521 1667 567 1714 1.

146 2169 196 2222 l..
221 2167 340 2234 xlx,
361 2181 406 2222 e.
425 2181 494 2230 m,
518 2171 566 2220 2.

147 2523 194 2578 l..
221 2523 340 2588 xlx,
361 2535 404 2576 ο,
427 2537 498 2586 ιιι,
521 2525 566 2576 8.

1532 473 1852 537 -64.-

623 613 979 708 reciproco
1028 615 1235 706 quasi
1275 622 1696 706 argumento
1736 634 1957 698 usus,
2002 624 2072 688 et
2117 624 2397 689 tantum
2437 618 2766 709 cyrenai-

621 758 747 812 cus
789 738 1124 831 Hegesias
1163 736 1256 832 (l)
1294 740 1733 833 cynicusque
1762 742 2207 815 Onesicritus
2244 741 2341 842 (2)
2374 743 2767 835 scriptores

621 869 889 934 veteres
923 885 1063 934 mm
1089 885 1376 959 parvae
1411 864 1858 936 auctoritatis
1895 866 2260 940 dicuntur.

674 1131 745 1199 6⁰
781 1125 892 1198 De
933 1125 1389 1249 Xenophonte
1425 1134 1488 1198 et
1528 1073 1831 1199 Platorze
1857 1130 2143 1224 ejusque
2178 1133 2710 1205 successoribus.

726 1389 1134 1463 Socraticae
1177 1410 1339 1464 vero
1388 1391 1839 1462 amoenitatis
1877 1392 2154 1464 lumina
2194 1395 2486 1467 fuerunt
2524 1398 2765 1468 Xeno-

628 1516 823 1609 phon
871 1511 965 1609 (5)
1013 1522 1083 1588 et
1124 1515 1320 1587 Plato
1365 1540 1382 1587 ε
1427 1515 1616 1589 inter
1653 1536 1836 1607 quos
1877 1526 2088 1609 negat
2127 1520 2399 1591 Gellius
2438 1521 2766 1592 simulta-

627 1651 767 1716 tem
826 1659 980 1714 eam
1035 1640 1257 1714 tuisse
1312 1643 1517 1733 cujus
1573 1642 2003 1733 conjectoria
2054 1651 2489 1735 argumenta
2552 1646 2765 1718 multi

626 1765 1007 1858 scriptores
1064 1765 1561 1857 prodiderunt.
1626 1769 1813 1839 Haec
1863 1768 2277 1859 hujusmodi
2330 1777 2503 1842 sunt
2546 1795 2564 1841 ε
2606 1771 2760 1861 pri-

628 1907 852 1974 murn,
893 1907 1020 1963 nec
1057 1890 1251 1962 Plato
1281 1889 1368 1961 de
1397 1890 1877 1981 Xenophonte
1912 1910 2043 1964 nec
2078 1892 2169 1964 de
2201 1894 2496 1965 Platone
2528 1896 2769 1965 Xeno-

626 2017 819 2109 phon
854 2016 1290 2090 mentionem
1323 2015 1398 2086 in
1426 2015 1632 2087 libris
1656 2017 1809 2088 suis
1842 2015 2029 2100 fecit,
2066 2019 2393 2108 quamvis
2425 2026 2760 2109 uterque,

627 2142 1044 2234 praesertim
1080 2140 1227 2222 ille,
1262 2139 1744 2232 complurium
1775 2139 2096 2212 Socratis
2114 2149 2543 2214 sectatorum
2574 2165 2765 2215 com-

623 2265 1033 2340 meminerit
1048 2290 1079 2353 ;
1134 2265 1436 2350 deinde,
1498 2266 1691 2357 quod
1759 2267 1970 2339 sinon
2035 2268 2455 2342 inimicitiae
2508 2288 2763 2360 parum

625 2393 875 2466 saltem
941 2392 1262 2466 sincerae
1322 2391 1678 2465 amicitiae
1734 2391 2083 2464 indicium
2144 2401 2292 2476 est,
2355 2395 2764 2485 Xenophon

627 2516 895 2610 primos
940 2516 1257 2587 Platonis
1304 2515 1525 2588 libros
1574 2513 1716 2609 (4),
1763 2518 1887 2608 qui
1936 2517 2024 2587 de
2076 2518 2340 2611 optimo
2392 2524 2579 2588 statu
2624 2522 2765 2588 rei-

615 2639 943 2736 publicae
986 2638 1424 2734 civitatisque
1471 2639 2091 2713 administrandae
2146 2645 2222 2715 in
2279 2645 2531 2736 vulgus
2586 2643 2761 2717 editi

623 2773 835 2849 sunt,
882 2764 1242 2858 redarguit
1289 2773 1679 2856 contraque
1727 2785 1851 2840 eos
1906 2769 2169 2841 librum
2202 2825 2219 2851 ,
2265 2771 2376 2841 cui
2417 2770 2768 2862 Cyropae-

624 2889 743 2964 dia
799 2887 893 2987 (ὅ)
960 2889 1207 2964 titulus
1266 2898 1412 2974 est,
1474 2892 1821 2984 scripsit:
1869 2893 2066 2967 Plato
2123 2901 2408 2981 autem,
2469 2912 2630 2965 cum
2687 2891 2768 2967 in

627 3015 810 3091 libro
852 3015 1164 3109 quodam
1216 3015 1376 3108 Cyri
1432 3017 1921 3099 meminisset,
1967 3038 2130 3091 eum
2171 3026 2545 3091 strenuum
2595 3020 2761 3110 qui-

625 3141 787 3216 dem
847 3141 1068 3216 fuisse
1136 3142 1262 3215 sed
1318 3141 1725 3234 disciplinis
1787 3143 2183 3235 privatum,
2259 3144 2765 3236 Xenophontis

625 3267 819 3360 operi
863 3266 1216 3348 illudens,
1268 3266 1450 3341 dixit
1493 3292 1509 3339 :
1556 3268 1871 3359 denique
1907 3269 2352 3360 Xenophon,
2398 3276 2479 3341 ut
2516 3270 2759 3349 aiunt.

625 3391 983 3464 Socratem
1057 3391 1154 3465 rei
1231 3392 1771 3465 mathematicae
1836 3392 2205 3467 studuisse
2273 3394 2553 3485 negavit
2619 3412 2766 3484 qua

626 3522 873 3589 contra
911 3516 1286 3607 discipulis
1328 3516 1480 3589 suis
1525 3517 1898 3589 interdixit
1943 3542 1959 3589 :
2001 3517 2265 3591 idcirco
2306 3515 2616 3610 turpiter
2653 3538 2766 3587 eos

687 3825 754 3892 (1)
784 3824 864 3878 Cf.
896 3821 1027 3886 Cic„
1061 3826 1221 3887 Tute„
1244 3830 1281 3876 t.
1312 3826 1354 3888 1,
1386 3840 1436 3891 p.
1465 3824 1543 3878 34.

691 3915 757 3979 (⁴2)
788 3914 977 3977 Ritter,
1008 3914 1145 3965 Phil.
1182 3930 1320 3978 ane„
1354 3921 1391 3967 t.
1423 3915 1488 3978 11,
1516 3931 1569 3980 p.
1607 3916 1717 3969 107.

688 4005 754 4070 (3)
793 4004 1018 4055 Paulum
1051 4005 1116 4056 ad
1157 4006 1518 4072 philosophiae
1556 4006 1943 4071 philosophiam
1980 4006 2170 4056 attinet
2207 4003 2502 4069 Xenophon
2533 4003 2758 4071 (Zeller‚

630 4099 667 4146 t.
698 4094 794 4157 ΙΙΙ,
826 4109 876 4160 p.
905 4095 1034 4160 224).

693 4184 762 4248 (4)
790 4182 926 4234 Vide
950 4183 1132 4246 Deoia,
1165 4188 1202 4235 t.
1231 4186 1273 4246 Ι,
1308 4201 1358 4249 p.
1395 4184 1502 4235 136.
1535 4212 1595 4222 -
1627 4182 1802 4246 huet,
1829 4198 1913 4248 op.
1948 4185 2056 4247 cit„
2088 4189 2125 4235 t.
2160 4184 2203 4247 1,
2236 4200 2289 4249 p.
2321 4184 2426 4236 140.

690 4273 760 4336 (5)
787 4270 962 4334 sanet,
994 4273 1144 4333 ibid„
1176 4277 1212 4322 t.
1245 4273 1287 4332 1,
1320 4288 1370 4335 p.
1406 4271 1514 4322 100.
