3125 4959
1258 459 1580 522 ...35—

351 599 738 674 solertibus
789 600 1087 671 miscere
1137 598 1404 688 quibus
1457 596 1723 688 placuit
1782 594 2166 668 Democriti
2222 613 2482 667 nomen

351 743 701 816 usurpare
726 782 742 807 ,
784 722 1132 793 nobilitate
1171 729 1239 795 et
1275 721 1694 793 anaor-itate
1736 721 2133 794 utentibus.
2542 722 2592 771 L·
2627 721 2691 783 K,
2722 734 2764 770 0-
2790 736 2884 779 κη,
2920 727 2964 767 ⁵÷=

450 851 725 922 Citatur
777 868 1065 942 quoque
1115 849 1432 930 Plinius,
1501 847 1953 921 existimatus
2019 864 2178 919 esse
2243 844 2488 915 aetatis

351 996 520 1045 suae
585 974 1090 1057 doctissimus,
1162 980 1453 1065 propter
1527 972 1927 1065 argumenti
2011 990 2221 1045 usum
2293 968 2484 1059 quod
2543 971 2968 1033 hmo-vm*

354 1117 598 1191 graece
672 1100 1062 1193 ἀντιστρέφον
1139 1098 1450 1179 dicitur,
1523 1097 1864 1188 quodque
1938 1095 2295 1168 immerito
2364 1095 2488 1167 ille

355 1223 658 1296 credidit
709 1223 1279 1306 validissimum,
1350 1224 1622 1314 quippe
1691 1241 1849 1294 cum
1918 1220 2260 1294 adversus
2326 1238 2487 1291 eum

354 1348 479 1441 qui
523 1347 897 1440 protulerit
935 1349 1246 1420 converti
1294 1349 1546 1439 possit.

455 1475 643 1546 Haec
695 1473 785 1546 de
824 1472 1057 1546 Plinio
1105 1469 1201 1567 (l)
1265 1474 1453 1545 dicta
1508 1473 1690 1545 ‘satis
1730 1473 2095 1544 declarant
2134 1470 2439 1543 Gellium
2471 1526 2487 1552 ‚

357 1616 772 1690 quanquam
832 1597 1077 1670 omnia
1137 1597 1464 1669 discendi
1533 1604 1606 1670 et
1678 1596 2001 1686 undique
2067 1594 2491 1686 excerpendi

362 1724 732 1797 studiosus
803 1722 982 1807 fuit,
1064 1721 1153 1795 ad
1217 1722 1573 1796 credenda
1638 1724 1883 1795 omnia
1963 1741 2106 1794 non
2187 1740 2492 1814 pronum

357 1849 584 1922 fuisse
648 1844 743 1941 (2)
805 1867 887 1921 ac
944 1866 1227 1939 semper
1278 1849 1534 1938 judicii
1602 1848 2002 1921 libertatem
2071 1848 2490 1920 servavisse.

361 1973 699 2059 Quamvis
757 1980 1032 2056 autem,
1095 1973 1423 2045 Favorini
1492 1974 1861 2063 exemp10‚
1932 1972 2496 2043 moderationem

360 2106 603 2172 tenere
653 2100 920 2181 soleat,
980 2099 1072 2171 ab
1120 2119 1202 2173 ea
1249 2099 1643 2190 aliquando
1701 2098 2028 2171 discedit.
2096 2098 2193 2170 De
2246 2098 2497 2168 Demo·

362 2222 577 2307 crit0,
632 2240 844 2315 quem
886 2223 1176 2315 plurimi
1222 2224 1384 2296 fecit
1422 2231 1491 2297 et
1541 2223 1746 2314 cuius
1796 2223 2178 2315 opiniones
2230 2241 2272 2292 a
2311 2238 2497 2293 com-

363 2348 624 2421 mentis
665 2348 880 2421 Plinii
918 2348 1182 2422 fabulis
1224 2349 1578 2433 vindicat,
1625 2349 1812 2421 infra
1850 2348 2150 2421 dicetur.
2228 2421 2230 2424 ,

1027 2602 1100 2670 2⁰
1141 2598 1250 2670 De
1285 2596 1482 2670 Ann.
1528 2599 1826 2671 Seneca.

463 2853 799 2922 Severum
839 2850 929 2922 dc
957 2851 1266 2930 Seneca,
1315 2852 1745 2923 Frontonem
1790 2859 2076 2923 secutus
2121 2850 2214 2946 (5)
2249 2907 2266 2932 ‚
2326 2872 2488 2941 pro-

365 2976 498 3048 fert
544 2974 935 3065 judicium,
997 2976 1266 3067 quippe
1323 2994 1481 3047 cum
1552 2995 1717 3048 eum
1787 2978 1975 3049 dicat
2038 2976 2495 3046 insulsissime
2552 2986 2601 3035 L·
2635 2985 2808 3045 X112e·
2839 2999 2896 3034 ιι-
2968 3027 2972 3031 -

368 3099 564 3189 loqui
610 3097 727 3194 (de
766 3099 1200 3191 quibusdam
1245 3100 1609 3173 Ciceronis
1651 3102 1723 3172 in
1767 3102 2078 3173 Ennium
2114 3102 2494 3174 sententiis

367 3221 622 3317 agitur)
655 3277 672 3304 ‚
715 3229 1140 3316 nuyatorem
1179 3232 1249 3298 et
1287 3224 1641 3317 ineptum,
1685 3223 2081 3295 insubidum
2119 3226 2494 3296 insulsum·
2550 3236 2980 3296 L.X11‚c·11‚8.l¹-

366 3370 500 3447 que
541 3349 854 3439 appellet
898 3357 969 3421 ct
1022 3349 1198 3422 haec
1247 3350 1465 3422 addat
1529 3373 1546 3422 ε
1620 3373 1656 3415 «
1715 3350 1854 3423 Sed
1904 3352 2050 3444 jam
2123 3352 2497 3425 verborum

369 3477 680 3547 Senecae
719 3474 935 3566 piget.
976 3502 1007 3539 ι·
1065 3476 1292 3567 Hujus
1322 3475 1841 3567 indignationis
1879 3478 2226 3550 rationem
2272 3477 2502 3552 reddit

368 3600 564 3672 favor
603 3619 745 3691 quo
787 3602 1058 3674 Gellius
1096 3608 1167 3674 et
1205 3603 1360 3693 eius
1393 3604 1731 3693 aequales
1773 3604 2083 3676 Ennium
2117 3623 2502 3696 proseque-

369 3723 634 3797 bantur
687 3721 817 3819 (4).
883 3726 1102 3811 Quasi
1157 3734 1396 3799 tamen
1446 3727 1692 3817 aliquo
1742 3709 2135 3801 lenimento
2174 3730 2500 3803 acerbam

440 3991 506 4054 (l)
535 3987 615 4040 Cf.
647 3990 843 4047 Ruske.
875 4004 957 4055 op.
983 3994 1092 4049 cit..
1127 4007 1176 4056 p.
1205 3992 1284 4043 42.
1311 4019 1372 4030 -—
1402 3992 1677 4056 Mercklin,
1712 4010 1759 4059 p.
1794 3994 1887 4045 670
1916 4001 1968 4046 et
1995 3996 2208 4059 passim.

437 4080 503 4145 (2)
532 4078 669 4130 Vide
694 4080 910 4144 Teuffel,
940 4087 976 4131 t.
1008 4080 1108 4142 111,
1141 4097 1191 4147 p.
1225 4082 1300 4134 44.

438 4170 502 4233 (3)
529 4167 613 4220 Cf.
643 4169 1031 4232 Friedlaender,
1057 4185 1140 4235 op.
1172 4172 1280 4229 cit..
1313 4188 1363 4235 p.
1404 4172 1477 4222 15.

439 4259 506 4322 (⁴)
528 4258 744 4324 Teuffel,
776 4264 813 4311 t.
848 4260 919 4323 11,
951 4276 1001 4328 p.
1036 4260 1145 4315 209.
