3125 4959
1246 476 1562 539 -31-

335 622 621 714 cynicae
661 616 1278 717 orientalibusque
1317 614 1529 686 sectis
1568 620 2071 704 congruentem
2111 614 2464 705 significa-

332 748 479 819 bat.
535 742 826 831 Quanta
853 743 1044 813 enim
1084 741 1208 811 illo
1247 748 1565 831 tempore
1606 741 1792 811 inter
1841 736 2125 831 cynicos
2166 747 2235 812 et
2271 759 2469 831 gym-

335 870 800 960 nosophistas
840 866 1051 940 fuerit
1106 864 1504 937 similitudo
1559 864 1762 935 multi
1805 884 1962 936 cum
2004 873 2273 937 veteres
2314 872 2467 937 tum

312 995 762 1086 ,recentiores
812 991 1193 1081 scriptores
1249 990 1922 1061 demonstraverunt
1981 988 2109 1083 (l).
2157 990 2299 1060 Cur
2339 1008 2468 1059 au-

336 1129 476 1193 tem
529 1125 672 1190 tam
716 1117 985 1188 varium
1044 1123 1112 1187 et
1171 1114 1633 1204 multiplicem
1688 1114 2054 1187 hominem
2087 1168 2104 1197 ,
2151 1115 2274 1204 qui
2319 1115 2470 1203 ple-

339 1261 637 1333 rumque
697 1241 1074 1322 irridetur,
1140 1238 1533 1310 laudaverit
1589 1239 1904 1322 Gellius,
1974 1240 2470 1311 institutorum

337 1387 512 1441 sane
573 1368 676 1439 vel
741 1367 815 1437 in
875 1364 1196 1436 minimis
1262 1364 1639 1435 moralium
1699 1370 1769 1435 et
1825 1364 2060 1455 lepide
2118 1364 2468 1435 dictorum

335 1512 536 1565 amor
565 1500 634 1564 et
672 1499 913 1584 gratus
955 1491 1109 1580 ejus
1149 1508 1313 1580 erga
1355 1497 1847 1579 praeceptores
1890 1490 1997 1561 vel
2032 1490 2473 1561 adventicios
2536 1464 2546 1479 ⁸

335 1622 626 1691 animus
665 1633 878 1690 causa
919 1616 1077 1687 fuit.

1054 1870 1124 1936 6⁰
1170 1864 1281 1935 De
1333 1864 1754 1936 Plutarcho,

441 2119 894 2191 Plutarchum
938 2118 1309 2207 aequalem
1356 2116 1501 2188 fere
1549 2135 1759 2187 suum
1813 2115 2288 2206 Favorinique
2329 2135 2474 2187 ma·

337 2246 640 2337 gistrum
694 2243 1031 2333 operibus
1083 2243 1334 2337 saltem
1375 2242 1701 2332 cognovit
1749 2239 1842 2334 (2)
1876 2295 1892 2324 ,
1938 2241 2476 2331 aliquandoque

341 2367 934 2457 reprehendendo
1003 2374 1239 2437 tamen
1302 2366 1525 2456 magis
1595 2386 1811 2456 quam
1882 2366 2242 2439 laudando
2312 2386 2475 2439 eum

343 2493 534 2564 citat.
603 2491 703 2564 Ab
761 2510 842 2563 eo
910 2491 1178 2586 scilicet
1235 2491 1593 2562 immerito
1661 2492 2022 2581 culpatum
2089 2492 2313 2564 fuisse
2371 2492 2481 2565 ait

341 2618 723 2708 Epicurum
759 2616 950 2707 quod
990 2617 1064 2687 in
1106 2615 1518 2707 syllogismo
1553 2616 1864 2705 quodam
1900 2616 2225 2689 ordinem
2281 2644 2310 2681 α
2350 2618 2476 2708 qui

339 2744 414 2813 in
466 2741 768 2813 dicendo
823 2741 1127 2813 traditur
1167 2768 1196 2805 2>
1249 2733 1742 2836 repudiaverit
1780 2750 1848 2814 et
1886 2741 2358 2824 converterit,
2409 2742 2481 2814 id

342 2867 634 2957 quidem
708 2885 854 2937 non
923 2864 1272 2936 inscitia:
1329 2866 1519 2938 idem
1587 2868 1778 2938 enim
1841 2866 2129 2958 saepius
2199 2868 2479 2938 Platoni

342 3010 501 3062 cum
541 2992 845 3082 eleganti
889 2991 1197 3080 quadam
1244 2992 1531 3063 licentia
1572 2991 1855 3063 accidit.

409 3297 476 3358 (l)
506 3294 710 3345 Martha
743 3315 754 3344 ε
787 3316 809 3340 α
845 3296 917 3346 Le
945 3298 1063 3360 plus
1093 3298 1304 3347 fameux
1329 3297 1394 3346 de
1419 3310 1508 3346 ces
1537 3298 1853 3351 charlatans,
1888 3298 1976 3358 qui
2007 3312 2038 3344 a
2064 3298 2225 3345 effac&
2255 3302 2375 3345 tous
2405 3298 2483 3344 les

338 3390 536 3446 auti-ee,
571 3386 722 3434 sinon
760 3399 851 3448 par
881 3388 932 3434 la
959 3386 1147 3448 gloire,
1181 3386 1248 3434 du
1284 3388 1455 3435 moins
1488 3401 1583 3449 par
1612 3387 1657 3433 la
1698 3386 1975 3435 bizarrerie
2008 3386 2073 3435 de
2103 3400 2159 3432 sa
2191 3390 2361 3444 mort,
2400 3385 2481 3432 fut

339 3472 689 3536 PeregrinuS‚
724 3488 794 3522 un
826 3476 1126 3522 aventurier
1164 3476 1282 3536 qui,
1314 3477 1468 3539 apres
1497 3476 1647 3525 avoir
1675 3476 1943 3524 embrasse
1972 3477 2020 3523 le
2058 3473 2479 3530 christianisme‚

339 3563 515 3611 revint
542 3565 570 3611 ὲ
598 3565 645 3609 la
675 3564 1007 3625 philosophie
1037 3564 1267 3625 cynique
1297 3570 1346 3611 et
1370 3577 1623 3627 promena
1649 3566 1947 3626 longtemps
1976 3578 2040 3612 en
2071 3563 2222 3611 Italie
2248 3577 2304 3611 sa
2336 3562 2480 3624 solie,

340 3663 440 3701 son
477 3651 681 3713 orguell
717 3656 769 3699 et
799 3666 855 3699 sa
896 3654 1191 3703 bassesse...
1224 3650 1365 3700 Tour
1404 3656 1434 3701 a
1480 3659 1604 3701 tour
1646 3655 1821 3702 exalte
1857 3666 1950 3715 par
1988 3655 2066 3702 les
2104 3665 2230 3712 une,
2266 3652 2482 3701 menace

339 3740 504 3789 d'etre
540 3742 712 3803 lapide
744 3755 836 3803 par
871 3742 945 3790 les
973 3748 1186 3799 autreS,
1219 3742 1253 3789 il
1292 3743 1490 3791 resolut
1521 3742 1587 3791 de
1618 3744 1828 3805 frapper
1865 3744 1940 3790 les
1978 3742 2349 3804 imaginations
2387 3755 2482 3804 par

340 3842 446 3878 une
474 3835 861 3893 extravagance
890 3832 1046 3893 qu'on
1077 3831 1269 3880 n'avait
1295 3832 1486 3894 jamais
1513 3846 1615 3881 vue
1645 3836 1696 3880 et
1723 3832 1780 3879 fit
1811 3832 1987 3881 courir
2018 3833 2064 3879 le
2095 3832 2235 3879 bruit
2264 3830 2390 3893 qu'il
2425 3844 2483 3880 se

339 3919 608 3977 brulerait,
641 3933 847 3969 comme
877 3919 1104 3969 Hercule
1123 3958 1136 3980 ‚
1163 3936 1268 3969 aux
1300 3936 1447 3983 yeux
1474 3922 1538 3969 de
1572 3926 1716 3970 toute
1746 3918 1991 3970 laGrece
2018 3920 2329 3968 assemblee.
2365 3918 2480 3968 Lu-

342 4009 461 4057 cien
492 4008 575 4056 fut
607 4008 805 4057 temoin
829 4009 894 4057 de
918 4015 1055 4059 cette
1083 4016 1221 4059 mort
1249 4012 1463 4070 eti-ange
1490 4015 1542 4059 et
1572 4024 1707 4059 nous
1732 4024 1797 4059 en
1827 4010 1923 4059 fait
1952 4010 2000 4058 le
2021 4005 2156 4059 recit
2183 4026 2208 4053 υ
2236 4009 2341 4071 (Les
2367 4021 2480 4057 mo-

344 4096 544 4146 ralistes
583 4110 700 4146 sous
737 4098 964 4159 l'empire
993 4096 1310 4162 romain.'p.
1344 4100 1474 4162 369).
1512 4125 1575 4135 -
1606 4098 1906 4148 Secundum
1944 4096 2354 4155 Friedlaender,
2396 4109 2476 4159 op.

345 4188 453 4245 cit„
484 4200 541 4248 p.
574 4186 659 4235 146
687 4187 790 4235 hoc
818 4188 1019 4237 factum
1047 4193 1129 4236 est
1154 4202 1298 4238 anno
1324 4192 1441 4252 post
1469 4188 1651 4239 christ.
1683 4201 1737 4235 n.
1778 4186 1882 4237 165.

409 4272 478 4336 (2)
505 4272 586 4325 Cf.
617 4274 816 4339 Ruske,
841 4274 1000 4339 p.⁹48.
1034 4302 1093 4315 —
1118 4274 1393 4343 Mercltlin,
1419 4291 1500 4341 op.
1531 4278 1619 4327 cit.

2575 2877 2625 2926 L.
2658 2878 2717 2939 11,
2748 2892 2789 2929 c.
2818 2894 2911 2932 vm.
