3125 4959
1266 464 1585 531 ...83-

461 611 534 679 2⁰
571 606 939 698 Quidquid
981 605 1249 679 doloris
1289 606 1406 690 sit,
1440 613 1514 677 ut
1554 606 1656 677 ait
1686 606 1912 689 Plato,
1946 605 2257 696 quodam
2301 616 2490 677 nexu
2577 626 2628 677 L.
2661 628 2698 687 1,
2730 641 2773 677 e.
2803 642 2856 687 11,
2889 629 2935 676 s.

362 751 521 806 cum
551 733 912 823 voluptate
936 732 1262 822 junctum
1297 747 1482 808 esse,
1515 729 1873 820 quidquid
1906 730 2289 821 voluptatis
2329 748 2488 802 cum

364 858 650 944 dolore3

466 987 538 1055 5⁰
569 981 775 1069 Quod
812 980 904 1053 ad
942 981 1230 1052 morbos
1261 980 1587 1062 attineat,
1624 999 1768 1051 non
1801 998 1923 1052 eos
1960 1000 2003 1054 a
2038 987 2294 1052 natura
2324 999 2496 1072 pen-

366 1110 565 1201 dere,
608 1107 736 1179 sed
774 1126 817 1177 a
866 1105 1290 1177 necessitate
1341 1104 1655 1195 quadam
1696 1123 1863 1195 qua,
1915 1124 2075 1177 cum
2120 1106 2499 1196 providen-

366 1235 469 1306 tia
510 1258 541 1296 α
578 1228 993 1301 tenuissimis
1036 1229 1456 1322 minutisque
1500 1228 1807 1300 ossiculis
1843 1236 2061 1321 eaput
2093 1229 2498 1322 compinye-

366 1363 479 1427 ret
518 1384 550 1421 ›
597 1356 993 1446 itidemque
1032 1354 1173 1426 alia
1209 1353 1509 1445 fingeret
1544 1354 1893 1436 membra,
1935 1353 2105 1426 dum
2141 1354 2338 1427 salus
2376 1373 2498 1446 pa-

369 1489 668 1561 reretur,
719 1506 750 1544 (
787 1476 1275 1571 aeyritudines
1310 1481 1578 1571 quoque
1604 1484 1870 1571 partae
1904 1479 2045 1548 sint
2084 1477 2213 1574 (l).
2259 1507 2291 1544 ι
2585 1491 2636 1541 ι..
2663 1491 2702 1550 1,
2726 1503 2769 1540 e..
2796 1496 2953 1554 n,11.

469 1607 587 1678 Sic
623 1605 950 1697 plerique
988 1603 1192 1675 stoici
1241 1602 1559 1676 dolorem
1607 1610 1677 1676 et
1716 1604 1965 1675 vitium
2016 1604 2497 1696 explicabant,

373 1729 888 1803 contendentes
933 1729 1081 1819 J‘am
1133 1727 1376 1799 omnia
1423 1735 1684 1799 natura
1722 1728 1994 1819 optima
2031 1747 2190 1801 esse
2229 1737 2298 1802 et
2336 1732 2506 1803 huic

373 1852 750 1927 recentiori
781 1851 1108 1943 opinioni
1145 1859 1572 1942 praeeuntes
1603 1871 1748 1942 qua
1776 1850 2060 1924 dolores
2090 1854 2305 1926 variis
2335 1873 2506 1945 pon-

374 1978 670 2052 deribus
719 1976 1083 2049 aestimari
1137 1983 1469 2066 possunt,
1517 1996 1660 2067 qua
1717 1976 1928 2050 modo
1969 1977 2174 2049 dolor
2226 1986 2506 2052 nostro·

379 2122 537 2176 rum
580 2103 924 2175 sactorum
971 2107 1079 2172 est
1116 2101 1658 2192 consequentia,
1712 2120 1947 2172 rerum
2000 2102 2210 2174 modo
2251 2102 2501 2176 admo·

380 2228 561 2300 nitio
616 2226 881 2317 quibus
936 2224 1344 2316 indigemus
1407 2226 1513 2297 vel
1569 2225 1907 2298 stimulus
1960 2226 2052 2299 ad
2104 2228 2500 2319 agendum,

378 2351 642 2425 deinde
694 2349 986 2442 majoris
1025 2350 1302 2422 occasio
1344 2349 1755 2441 voluptatis,
1801 2349 2118 2442 denique
2157 2353 2506 2427 malefacti

381 2476 770 2569 piaculum.

491 2603 739 2676 Fatum
803 2609 1039 2673 autem
1103 2601 1435 2673 credebat
1498 2601 1942 2693 Chrysippus
2001 2604 2507 2697 sempiternam

381 2725 771 2821 quamdam
809 2730 873 2796 et
908 2723 1472 2798 indeclinabilem
1499 2723 1747 2794 seriem
1774 2747 2024 2796 rerum
2059 2735 2121 2797 et
2149 2736 2503 2814 catenam,

380 2850 771 2923 volventem
807 2849 1248 2943 semetipsam
1291 2870 1429 2942 per
1465 2855 1781 2919 aeternos
1825 2854 2343 2945 consequentiae
2391 2878 2509 2927 or—

383 2974 582 3045 dines
619 2997 712 3045 eoe
751 2973 997 3068 quibus
1033 2980 1200 3046 acta
1236 2995 1688 3066 eonneoeaque
1721 2982 1840 3047 est.
2177 3071 2181 3075 ,
2568 2998 2621 3048 L.
2651 2997 2750 3058 v11,
2781 3009 2822 3045 ο.
2855 3008 2907 3055 11,
2940 3000 2983 3043 1.

486 3102 585 3172 Ea
625 3099 1006 3192 Chrysippi
1045 3098 1468 3178 delinitione
1515 3100 1695 3180 nixi,
1730 3101 1849 3172 alii
1892 3103 2308 3196 philosophi
2345 3124 2509 3178 con-

385 3223 696 3297 tendunt
746 3242 906 3296 eum
961 3222 1263 3295 liberum
1319 3222 1694 3295 arbitrium
1754 3225 2151 3316 negavisse,
2205 3228 2513 3320 ideoque

387 3349 780 3419 nocentium
807 3369 1078 3441 poenas
1117 3346 1380 3438 leyibus
1425 3347 1660 3441 inique
1713 3347 2149 3421 constitutas.
2193 3353 2300 3425 Ad
2339 3355 2514 3426 haec
2572 3380 2620 3428 L.
2653 3378 2752 3441 vn,
2783 3391 2824 3427 c.
2856 3390 2908 3439 n,
2942 3383 2987 3425 5.

387 3474 546 3565 ipse
586 3472 1066 3564 respondebat
1110 3471 1352 3543 omnia
1385 3472 1694 3563 quadam
1736 3474 1933 3546 fatali
1976 3476 2126 3567 lege
2162 3495 2509 3558 connexa,

387 3615 471 3669 ea
513 3604 751 3669 tamen
789 3599 1064 3669 ratione
1105 3606 1184 3669 ut
1221 3616 1381 3670 cum
1428 3598 1660 3688 primo
1702 3606 2000 3672 naturae
2039 3601 2310 3692 impetu
2351 3620 2515 3673 con·
2603 3578 2610 3585 ’

388 3730 597 3815 gruat
642 3731 889 3796 nostra
934 3723 1346 3817 proprietas
1402 3732 1471 3796 et
1526 3721 1829 3816 qualitas
1870 3749 1894 3792 .·
1942 3749 1977 3791 «
2020 3744 2280 3817 genera
2330 3727 2513 3818 ipsa,
2576 3758 2624 3807 1„
2659 3756 2990 3817 v11,c.n,7.

388 3847 792 3939 inquiebat,
834 3855 903 3920 et
943 3847 1295 3941 principia
1332 3867 1708 3922 causarum
1751 3857 1983 3922 movet
2021 3850 2195 3922 ordo
2233 3857 2303 3922 et
2342 3850 2519 3922 ratio

456 4164 526 4229 (t)
559 4162 639 4215 Cf.
672 4164 990 4228 Renouvier,
1022 4168 1161 4218 Han.
1187 4167 1319 4232 phil.
1345 4182 1483 4230 ane„
1508 4171 1549 4218 t.
1579 4167 1646 4228 11,
1677 4183 1729 4232 p.
1757 4168 1865 4228 252,
1893 4173 1945 4217 et
1979 4167 2235 4229 Leibnitz,
2267 4169 2412 4218 Essai
2436 4183 2524 4217 sur

395 4252 449 4304 la
474 4252 623 4304 banze
655 4254 716 4303 de
744 4254 890 4316 Βίου,
924 4255 1049 4305 edit.
1080 4255 1256 4332 danet,
1289 4261 1327 4306 t.
1361 4256 1439 4317 11,
1474 4272 1526 4320 p.
1558 4256 1648 4306 334
1677 4267 1731 4307 et
1761 4272 1867 4320 seq,
