3125 4959
0 3258 9 3373 „„-‚-.ss
0 3012 9 3225 ffi—ffir⁴
1 2980 4 2987 w
1 2908 6 2937 ⁴-

1241 474 1561 533 ...27-

330 610 781 700 propositam
821 609 1178 690 attineret,
1224 608 1451 681 suasit
1498 616 1575 681 ut
1619 607 1727 679 M.
1782 605 2107 692 Catonis,
2155 604 2470 699 pruden-
2524 628 2577 678 L.
2599 627 2658 689 11,
2679 640 2721 678 ο.
2743 640 2847 686 nv,
2867 629 2947 674 21.

332 735 601 808 tissimi
643 735 819 818 viri,
864 736 1163 807 consilio
1200 742 1544 819 uteretur,
1584 735 1744 824 qui,
1786 735 1862 805 in
1900 732 2120 805 simili
2152 732 2465 812 actione,

328 859 562 952 probo
606 859 941 950 litigatori
984 861 1415 932 credendum
1457 877 1642 942 esse,
1682 859 2088 950 improbum
2123 857 2470 929 damnan-

333 984 510 1056 dum
551 983 1060 1086 arbitrabatur.
1263 963 1271 970 ’

437 1109 635 1181 Aliae
666 1116 835 1212 sunt
867 1109 1193 1180 Favorini
1224 1107 1501 1181 laudeS.
1547 1111 1741 1181 Sext.
1784 1108 2133 1181 Caecilius
2176 1105 2271 1202 (l)
2309 1126 2469 1179 eum

336 1234 414 1304 in
463 1234 951 1324 disputatione
991 1233 1079 1306 de
1121 1233 1713 1306 decemviralibus
1764 1234 2043 1325 legibus
2083 1233 2324 1302 virum
2360 1255 2472 1302 sa-

323 1357 640 1453 pientiae
685 1358 1266 1432 studiosissimum
1309 1360 1667 1449 appellat,
1723 1359 1891 1431 dum
1951 1359 2342 1431 Favorinus
2396 1377 2474 1430 se
2544 1359 2592 1411 L·
2625 1358 2722 1418 xx,
2753 1371 2796 1407 ⁰·
2826 1373 2857 1415 ¹·
2892 1362 2937 1402 ⁸·

349 1509 382 1545 α
433 1484 719 1555 solitum
780 1502 938 1557 esse
991 1504 1116 1575 pro
1167 1483 1553 1575 disciplina
1608 1491 1840 1557 sectae
1879 1503 2093 1575 quam
2151 1484 2317 1556 colit
2361 1485 2473 1555 in·
2530 1501 2580 1552 l..
2610 1500 2710 1560 xx,
2737 1514 2778 1549 ο.
2810 1515 2841 1558 ι,
2874 1504 2946 1548 19.

335 1603 637 1700 quirere.
683 1610 923 1700 potius
983 1628 1197 1700 quam
1253 1610 1635 1682 decernere
1693 1636 1724 1673 1·
1793 1611 2075 1683 fatetur.
2138 1608 2473 1682 Sincerus

326 1723 656 1824 J'ustitiae
708 1752 908 1806 amor
955 1743 1023 1806 et
1077 1734 1394 1806 studium
1455 1753 1613 1806 cum
1673 1736 1921 1806 multis
1977 1734 2210 1825 lepide
2266 1734 2474 1806 dictis

332 1860 413 1930 in
473 1858 803 1930 Favorini
862 1877 1193 1931 sermone
1249 1866 1546 1950 apparet
1603 1884 1619 1929 ε
1680 1859 1865 1931 adde
1922 1860 2135 1930 etiam
2197 1857 2474 1948 aliquid

334 1983 584 2055 blandi
629 1984 823 2074 quod
881 1991 1119 2078 tamen
1167 1985 1490 2076 justitiae
1545 2004 1690 2056 non
1752 1992 2126 2075 repugnat.
2195 1987 2339 2055 Hoc
2398 1984 2474 2054 in

335 2108 592 2199 primis
631 2108 706 2179 in
750 2109 1342 2181 decemviralibus
1385 2109 1663 2201 legibus
1707 2109 2039 2181 vitiosum
2082 2109 2145 2181 ei
2197 2108 2477 2180 videtur

339 2233 536 2324 quod
588 2252 860 2324 poenae
920 2252 1064 2305 non
1125 2242 1295 2307 sunt
1351 2221 1630 2307 delictis
1684 2234 2253 2305 accommodatae
2294 2252 2473 2322 quas

336 2358 649 2449 populus
690 2360 1055 2430 Romanus
1088 2360 1270 2450 ipse,
1306 2360 1512 2449 quasi
1546 2360 1983 2430 inhumanas
2022 2358 2489 2449 improbans*

332 2481 478 2554 situ
514 2488 576 2552 et
608 2480 797 2552 sem‘o
834 2482 1066 2553 emori
1092 2506 1349 2577 passus
1387 2491 1512 2556 est.
1559 2487 1811 2576 Legem
1853 2485 2121 2556 scilicet
2160 2483 2248 2555 de
2286 2483 2473 2574 inju-
2531 2485 2582 2535 1..
2616 2465 2712 2547 ΧΧὲ
2746 2498 2788 2535 ⁰·
2814 2500 2850 2544 1»
2878 2488 2952 2533 1⁰·

334 2609 443 2679 ria
483 2609 848 2700 punienda
888 2610 1150 2700 culpat.
1196 2613 1542 2683 Decorum
1583 2617 1865 2682 certe'et
1901 2610 2247 2702 pudorem
2291 2611 2465 2682 Are-

335 2734 635 2806 latensis
697 2735 818 2807 ille
882 2736 1126 2806 Gallus
1184 2736 1412 2826 pluris
1479 2736 1810 2809 aestimat
1875 2755 2087 2826 quam
2158 2742 2235 2806 ut
2296 2737 2471 2807 satis

332 2856 598 2928 habeat
635 2859 959 2950 quinque
999 2865 1069 2930 et
1107 2859 1355 2950 viginti
1393 2860 1664 2931 assium
1705 2878 1830 2950 pro
1871 2858 2136 2949 injuria
2175 2859 2468 2930 mulcta·
2526 2858 2577 2907 L·
2609 2855 2846 2917 XX20·1›
2878 2859 2953 2905 ¹2·

334 2981 632 3055 tionem.

438 3107 494 3177 A
538 3108 883 3179 Favorino
937 3108 1485 3199 reprehenditur
1531 3110 1673 3181 alia
1724 3110 1833 3180 lex
1890 3127 2074 3199 quae
2115 3108 2202 3179 de
2243 3109 2471 3199 ruptis
2553 3159 2558 3162 -

338 3230 681 3302 membris
718 3251 799 3303 ac
837 3234 1104 3322 talione
1139 3234 1304 3325 agit.
1349 3235 1551 3305 Illius
1584 3242 1829 3305 contra
1860 3234 2196 3306 talionem
2232 3232 2474 3304 stricta

338 3362 409 3428 et
448 3356 800 3427 mirabilis
850 3365 960 3429 est
1016 3343 1536 3449 argumentatio
1585 3384 1600 3429 ε
1645 3360 1876 3449 prima
1933 3357 2312 3429 difficultas
2343 3364 2475 3428 est

339 3501 431 3552 an
499 3481 679 3554 effici
739 3483 970 3572 possit
1029 3483 1418 3575 rumpendi
1465 3483 1759 3576 pariter
1818 3482 2124 3553 membri
2184 3480 2472 3575 aequili-

336 3605 628 3676 brium?
666 3608 773 3678 An
816 3608 1309 3699 imprudenter
1349 3610 1609 3681 factum
1651 3608 1994 3679 retaliari
2020 3630 2161 3701 per·
2201 3608 2472 3701 impru-
2531 3622 2582 3670 L.
2615 3619 2714 3680 xx,
2746 3622 2958 3678 c.1,15.
3033 3631 3038 3634 ·

336 3731 656 3804 dentiam
696 3733 1000 3805 debeat?
1041 3735 1242 3820 Quod
1277 3734 1341 3803 si
1375 3733 1527 3827 quis
1562 3734 1891 3827 prudens
1924 3733 2240 3827 ruperit,
2293 3754 2471 3825 quo·
2530 3751 2583 3803 1..
2612 3749 2712 3811 xx,
2742 3761 2783 3799 c.
2812 3763 2847 3808 1,
2881 3752 2957 3798 16.

337 3857 554 3929 modo
594 3856 780 3926 libra
815 3863 879 3926 et
919 3877 1254 3928 mensura
1304 3859 1698 3950 reperietur
1746 3878 1888 3950 qua
1926 3878 2058 3931 nec
2093 3853 2305 3928 'latius
2346 3875 2476 3929 nec
2530 3881 2583 3930 L.
2612 3878 2715 3942 xx,
2746 3892 2788 3929 e.
2816 3893 2851 3939 1,
2882 3882 2958 3927 17.

335 3982 548 4053 altius
585 3982 954 4057 laedatur?
994 3974 1203 4071 Quod*
1239 3986 1300 4057 si
1341 3961 1489 4068 fiet,
1534 3985 1903 4092 contraria
1941 3990 2236 4055 mutuae
2275 3982 2473 4052 talio-

399 4264 465 4327 (1)
498 4265 578 4322 Cf.
610 4262 826 4327 Teuffel,
861 4270 895 4316 t.
926 4266 1025 4329 IlI,
1057 4282 1108 4331 p.
1142 4265 1220 4316 32.
1255 4294 1314 4303 -—-
1348 4265 1540 4328 Ruske,
1573 4282 1625 4331 p.
1657 4266 1734 4317 66.
