3125 4959
146 1119 198 1170 l..
225 1119 365 1174 xvii.
391 1132 434 1168 e.
463 1133 568 1180 ιιι,

141 1989 312 2050 l..ll,e.
325 1995 565 2054 xvm‚1‚2.

144 2239 195 2294 l..
217 2240 295 2302 ΙΙΙ,
321 2254 362 2292 c.
385 2255 492 2306 xm,
518 2246 564 2293 t.

171 2491 221 2542 l..
251 2490 368 2553 xlx,
399 2505 442 2544 ι,
471 2505 538 2542 xi.

146 3741 196 3796 l..
231 3741 374 3803 xvii,
408 3754 450 3794 c.
483 3753 568 3792 xx.

1529 463 1845 524 -55-

623 601 896 694 legerit.
941 620 1130 692 quae
1163 619 1252 672 ex
1291 602 1639 673 memoria
1678 608 1959 672 tantum
2015 600 2471 691 exposuerit,
2535 616 2759 688 quae·

621 745 766 817 qne
799 745 842 799 e
877 727 1165 817 scriptis
1203 726 1522 798 Platonis
1561 728 1668 798 vel
1708 726 1803 797 ab
1841 726 2006 797 aliis
2046 733 2367 816 receptas
2400 723 2754 804 citaverit,

619 849 801 922 alias
831 851 980 941 jam
1019 850 1384 942 disputata
1417 849 1521 943 (l)
1551 869 1685 923 nec
1710 850 1805 921 ad
1838 869 2077 922 meum
2108 851 2562 940 propositum
2594 866 2756 939 per-

623 975 925 1047 tinentia
962 977 1315 1047 omittam.

719 1101 800 1172 In
831 1099 1343 1191 disquisitione
1369 1108 1802 1191 temporum,
1841 1091 2111 1190 q‘uihns
2138 1101 2446 1171 vixerint
2476 1098 2613 1170 viri
2647 1100 2757 1171 vel

620 1223 909 1315 ingenio
951 1225 1056 1295 vel
1103 1224 1404 1315 imperio
1449 1225 1777 1304 nobiles,
1836 1225 2206 1295 Platonem
2259 1224 2435 1296 dicit
2480 1224 2759 1295 Gellius

621 1350 866 1439 paucis
899 1349 1115 1421 annis
1147 1359 1310 1441 post
1345 1369 1617 1421 annum
1652 1350 1868 1421 Urbis
1904 1349 2237 1421 conditae
2263 1348 2757 1439 quadringen-

621 1473 954 1544 tesimum
1003 1470 1106 1541 ad
1153 1470 1583 1565 Dionysium
1631 1472 1923 1545 Siciliae
1968 1480 2358 1565 tyrannum
2402 1472 2754 1566 posterio-

617 1618 776 1666 rem
805 1597 1194 1689 profectum
1235 1598 1500 1680 fnisse.
1545 1599 1907 1690 ideoque
1890 1618 2048 1690 ipse
2087 1601 2437 1672 incertum
2477 1618 2757 1671 annum

621 1721 991 1812 relinquit.
1057 1723 1251 1795 Alias
1321 1724 1778 1797 Phaedonem
1841 1724 2055 1798 refert
2118 1726 2530 1798 Elidensem
2608 1722 2703 1819 (2)
2736 1779 2755 1807 ‚

617 1846 827 1935 cujus
861 1846 1139 1917 nomini
1178 1847 1440 1918 librum
1478 1849 1684 1919 illum
1733 1849 2067 1920 divinum
2105 1850 2196 1920 de
2230 1847 2762 1920 immortalitate

617 1970 897 2042 anime
944 1970 1178 2055 dedit,
1228 1972 1812 2066 perfamiliarem
1871 1977 2028 2066 eJus
2077 1975 2343 2056 fuisse,
2396 1992 2713 2064 eumque
2737 2029 2755 2055 ,

622 2097 1006 2189 Hermippo
1038 2105 1352 2181 auctore,
1389 2099 1482 2170 ab
1516 2109 1800 2173 oratore
1838 2100 2321 2173 Demosthene
2361 2098 2759 2171 admodum

618 2222 1069 2296 adolescente
1108 2224 1397 2314 saepius
1426 2225 1755 2297 auditum
1804 2224 1936 2317 (5).

721 2348 1091 2438 Expromit
1115 2346 1455 2418 distichon
1489 2348 1686 2440 quod
1716 2358 1985 2421 veteres
2016 2350 2401 2439 scriptores
2435 2347 2761 2419 Platonis

621 2489 780 2545 esse
818 2470 1204 2556 affirmant,
1240 2492 1382 2564 quo
1422 2474 1536 2542 ille
1563 2473 2024 2566 philosophus
2062 2472 2448 2564 tragoediis
2482 2470 2758 2564 facien-

620 2595 731 2667 dis
758 2597 1105 2688 praelusit
1136 2595 1230 2691 (4)
1249 2652 1266 2680 ,
1305 2599 1506 2671 valde
1534 2587 1962 2671 amatorium
1996 2607 2064 2670 et
2092 2600 2248 2688 ejus
2277 2599 2755 2670 imitationem

625 2720 953 2816 pluribus
993 2723 1361 2795 versiculis
1409 2724 1815 2815 explicitam
1862 2743 2080 2814 quam
2122 2723 2405 2795 cuidam
2450 2741 2537 2794 ex
2577 2724 2759 2794 ami-

622 2847 724 2919 cis
762 2847 1197 2920 adolescenti
1238 2848 1588 2920 attribuit.
1633 2850 1887 2920 Nonne
1924 2849 2046 2920 ille
2090 2850 2363 2933 amicus
2403 2849 2563 2938 ipse
2601 2849 2760 2920 Gel-

625 2971 763 3044 lius
816 2970 972 3045 est?
1030 2972 1223 3044 Nihil
1273 2975 1531 3045 mirum
1596 2981 1825 3060 essct,
1880 2994 2039 3046 cum
2096 2973 2492 3048 existimari
2548 2974 2759 3046 liceat

620 3114 784 3168 eum
826 3097 1247 3188 saepissime
1298 3098 1433 3170 sub
1474 3099 1615 3169 alia
1659 3118 1967 3191 persona
2011 3106 2081 3171 et
2120 3099 2413 3170 nomine
2454 3104 2749 3171 senten-

622 3220 792 3293 tiam
832 3240 1034 3294 suam
1075 3224 1541 3314 expressisse.
1590 3223 1917 3295 Ceterum
1968 3232 2263 3296 conatus
2303 3230 2412 3295 est
2449 3243 2491 3294 a
2521 3226 2754 3295 Tauro

622 3346 958 3420 incitatus
1003 3347 1076 3420 in
1135 3348 1429 3421 latinam
1488 3349 1807 3440 lingnam
1855 3367 2100 3440 graeca
2157 3350 2498 3441 platonici
2553 3351 2756 3440 Sym-

623 3470 804 3561 posii
848 3471 1061 3543 verba
1113 3471 1202 3544 de
1249 3491 1489 3544 amore
1547 3472 1910 3545 laudando
1968 3482 2278 3556 vertere,
2322 3473 2498 3543 siout
2542 3494 2757 3565 quae-

619 3593 792 3664 dam
844 3594 1278 3668 animalium
1323 3618 1565 3689 parva
1618 3605 1680 3667 et
1733 3597 1904 3667 vilia
1929 3597 2043 3686 ⁷ad
2099 3595 2536 3668 imitandum
2589 3604 2765 3665 sunt

619 3720 1013 3816 petulantia
1067 3746 1090 3790 .·
1147 3740 1330 3813 qnae
1380 3723 1753 3796 translatio
1808 3741 1984 3795 sane
2039 3723 2390 3814 elegantia
2441 3721 2757 3814 quadam

687 3989 752 4056 (Ι)
785 3987 865 4042 Cf.
896 3987 1171 4052 Memmia,
1202 4004 1283 4056 op.
1316 3992 1406 4041 cit.

686 4081 751 4146 (2)
782 4078 861 4132 Cf.
893 4079 1086 4144 Zeller,
1120 4086 1157 4136 t.
1187 4079 1286 4146 ΙΙΙ,
1318 4097 1369 4145 p.
1399 4079 1510 4133 256.

687 4171 758 4234 (3)
787 4169 867 4222 Cf.
899 4169 1088 4234 Cicer..
1123 4172 1190 4222 De
1212 4170 1337 4223 clar.
1369 4183 1465 4234 or„
1496 4169 1574 4220 31.
1615 4170 1776 4230 Orat„
1808 4170 1854 4221 4.

686 4259 753 4323 (4)
789 4257 867 4311 Cr.
907 4259 1096 4324 Ritter‚
1131 4261 1255 4332 Hm.
1284 4259 1372 4325 ph.
1404 4274 1544 4319 ane„
1576 4264 1614 4308 t.
1652 4258 1718 4321 ΙΙ,
1747 4273 1799 4322 p.
1831 4257 1934 4308 127.
