3125 4959
1157 478 1581 582 '*-19-

362 659 606 753 nisque
656 659 942 752 linquae
999 659 1328 732 taedebat
1373 679 1455 741 ac
1507 678 1757 732 versus
1812 661 2175 752 Euripidis
2226 662 2319 733 ad
2368 682 2491 735 eos

366 785 490 875 qui
525 784 756 879 impia
788 791 910 854 aut
937 783 1187 854 illicita
1228 784 1547 857 dicerent
1584 787 2026 876 pertinentes
2068 805 2214 857 non
2253 786 2493 858 minus

366 909 454 982 de
503 887 923 980 hominibus
975 908 1185 978 stulta
1230 918 1296 978 ec
1343 904 1725 979 immodica
1762 907 2489 982 &alterantibus-aeci·
2590 971 2595 978 .

365 1033 678 1131 piendos
710 1051 868 1106 esse
914 1034 1416 1107 contendebat.
1631 1010 1635 1015 ’

465 1159 546 1229 In
589 1177 732 1229 una
773 1176 847 1230 re
889 1137 1125 1229 tamen
1167 1159 1360 1229 hunc
1402 1158 1694 1229 modum
1748 1177 1894 1229 non
1939 1159 2316 1248 probabat,
2363 1160 2495 1231 sci-

369 1283 533 1354 licet
577 1282 651 1353 in
695 1282 1133 1355 laudatione.
1180 1282 1437 1355 Aiebat
1478 1283 1669 1355 enim
1726 1283 2006 1376 turpius
2054 1306 2194 1354 esse
2238 1284 2499 1375 emique
2550 1301 2975 1363 L.x1x,0.m‚1,2.

368 1412 576 1499 atque
630 1405 913 1499 f7⁴2i9ide-
959 1406 1253 1476 laudari
1302 1430 1517 1500 quarn
1572 1407 1998 1478 insectanter
2048 1415 2114 1479 et
2168 1409 2499 1501 graviter

368 1529 796 1624 vituperari,
844 1532 1184 1622 quoniam
1229 1539 1498 1622 quanto
1551 1533 1716 1622 quis
1767 1533 2092 1605 acerbius
2140 1534 2501 1606 maledicit

368 1663 569 1729 tanto
607 1657 832 1747 magis
874 1676 1000 1747 pro
1040 1657 1294 1746 iniquo
1332 1664 1400 1729 et
1435 1656 1726 1736 inimico
1764 1657 2047 1729 ducitur
2084 1677 2165 1729 ac
2193 1659 2503 1751 plerum-

371 1803 502 1874 que
529 1788 923 1874 propterea
959 1779 1179 1869 fidem
1214 1803 1356 1849 non
1391 1781 1611 1874 capit,
1638 1789 1728 1853 at
1770 1790 2015 1854 contra
2055 1781 2187 1873 qui'
2233 1784 2501 1856 medio-

374 1909 584 1979 criter
614 1908 861 1979 laudat
894 1934 925 1971 c
948 1908 1220 1979 amicus
1254 1907 1544 1997 quidem
1574 1926 1731 1979 esse
1764 1907 2074 1980 creditur
2102 1910 2255 1998 ejus
2290 1928 2501 1999 quem

374 2026 670 2105 laudare
710 2034 886 2114 vult,
933 2032 1284 2122 sednihil
1325 2051 1537 2123 posse
1580 2032 1887 2123 reperire
1928 2032 2122 2122 quod
2153 2035 2314 2123 jure
2356 2035 2504 2105 lau·

375 2157 521 2229 det.
567 2185 597 2222 )
783 2246 791 2253 ·
1326 2181 1331 2188 ·
2087 2182 2094 2187 '
2146 2148 2188 2170 ⁸

475 2283 715 2354 Genus
742 2282 928 2354 idem
964 2282 1322 2354 scribendi
1360 2282 1674 2354 medium
1711 2290 1779 2354 et
1812 2276 2280 2373 temperatum
2313 2283 2505 2374 apud

378 2408 762 2498 scriptores
810 2408 1244 2497 requirebat,
1290 2408 1557 2498 quippe
1607 2426 1765 2479 cum
1807 2408 1882 2478 in
1926 2407 2217 2485 Pindari
2256 2410 2500 2500 Vergi-
2591 2388 2598 2393 ¹

376 2533 603 2622 liique
643 2535 1198 2623 comparatione,
1245 2551 1429 2622 quae
1467 2532 1558 2603 ad
1600 2532 1975 2622 utriusque
2014 2536 2259 2605 AEtnae
2300 2554 2503 2606 mon·
2583 2542 2636 2591 L·
2667 2508 2806 2603 XV1¹‚
2836 2554 2878 2590 c·
2912 2554 2963 2587 x·

377 2658 470 2728 tis
529 2657 876 2747 picturam
932 2663 1236 2747 spectat,
1294 2655 1603 2746 priorem
1660 2658 2037 2747 posteriori
2087 2667 2503 2750 anteponat,

377 2781 540 2853 ideo
583 2782 776 2871 quod
817 2769 1169 2872 Vergilius
1226 2779 1443 2852 nimis
1485 2783 1633 2871 Jam=
1678 2781 1916 2872 opima
1959 2782 2247 2855 Pindari
2304 2785 2511 2853 tami-
2843 2817 2882 2844 ο

377 2905 583 2978 diora
623 2908 835 2978 etiam
877 2906 1209 3002 effecerit.

479 3032 580 3101 Ex
621 3030 764 3102 illis
804 3038 1098 3121 apparet
1136 3032 1559 3103 Favorinum
1602 3038 1745 3103 tam
1789 3032 2096 3103 rhetoris
2132 3041 2201 3105 et
2236 3034 2513 3124 sophis-

387 3164 744 3247 taequam
786 3157 1202 3248 philosophi
1245 3167 1481 3247 partes
1519 3157 1947 3248 sumpsisse,
1984 3177 2141 3230 cum
2186 3159 2274 3231 de
2314 3160 2511 3264 omni

382 3299 458 3353 re
500 3281 766 3354 diserte
806 3280 1159 3353 disserere
1198 3282 1557 3354 affectaret
1599 3278 1726 3375 (1).
2081 3379 2088 3385 ι
2150 3373 2156 3379 ἢ

484 3407 671 3478 Haec
708 3425 882 3478 sane
922 3414 1094 3478 sunt
1132 3406 1499 3496 sophistae
1535 3430 1550 3476 ε
1599 3424 1744 3477 non
1778 3406 2298 3497 aspernabatur
2327 3405 2516 3500 infa-

384 3552 526 3600 mes
563 3530 904 3600 materias
941 3537 1009 3603 et
1049 3550 1167 3603 eas
1207 3531 1667 3602 existimabat
1702 3530 1987 3600 idoneas
2033 3530 2143 3599 vel
2176 3530 2511 3622 eaepmyi·
2570 3558 2619 3608 1„
2654 3555 2801 3614 xvn,
2834 3566 2873 3603 e.
2908 3565 2992 3603 κη.

382 3652 668 3743 sicando
695 3652 1003 3747 ingenio,
1032 3654 1142 3724 vel
1168 3653 1581 3746 emercendzfs
1618 3653 1923 3745 argutiis
1952 3653 2059 3724 vel
2069 3654 2513 3745 ‘edomandis

447 3962 517 4025 (1)
547 3979 584 4024 α,
604 3961 678 4011 Le
702 3962 936 4025 Sophiste
960 3961 1312 4012 Favorinus..
1347 3962 1435 4024 qui
1463 3961 1653 4025 parlait
1681 3962 2027 4011 disertement
2051 3974 2142 4010 sur
2170 3965 2287 4009 tous
2316 3962 2391 4010 les
2421 3974 2517 4009 su-

385 4033 506 4113 Jets,
539 4052 630 4114 qui
662 4051 720 4099 fit
741 4065 807 4100 en
837 4052 1158 4115 plaisantant
1187 4051 1379 4114 l'eloge¹
1405 4051 1470 4101 de
1501 4053 1549 4100 la
1579 4042 1737 4101 fievre
1763 4057 1974 4113 quarte,
2012 4051 2143 4098 mais
2173 4051 2261 4112 qui
2296 4063 2362 4097 ne
2392 4062 2516 4111 por-

391 4142 484 4190 tait
510 4154 606 4204 pas
633 4141 926 4190 seulement
946 4141 1010 4190 de
1037 4140 1253 4204 l’esprit,
1276 4141 1364 4203 qui
1389 4142 1530 4189 avait
1555 4142 1882 4203 quelquefois
1912 4140 1978 4189 de
2010 4140 2056 4188 la
2082 4140 2255 4188 raison
2283 4140 2416 4187 dans
2445 4140 2521 4188 les
2592 4128 2599 4134 ⁴

393 4230 565 4280 theses
594 4230 939 4294 paradoxales
962 4230 1090 4293 qu'il
1115 4232 1379 4280 soutenait
1404 4250 1427 4274 »
1457 4228 1882 4293 (Sainte-Beuve,
1911 4231 2075 4280 Prem.
2110 4228 2327 4288 lundis„
2359 4233 2395 4279 t.
2427 4227 2521 4286 Ill,

391 4334 440 4383 p.
472 4318 552 4371 74.
579 4349 639 4358 —
668 4318 957 4381 Brochard,
988 4320 1073 4370 Les
1103 4321 1378 4385 coeptiques
1405 4333 1559 4381 yrccS,
1593 4334 1643 4382 p.
1679 4319 1807 4382 329).
