3125 4959
154 1485 203 1535 t..
236 1484 312 1543 lv,
348 1497 391 1535 c.
425 1500 470 1548 ι,
504 1490 580 1537 19.

208 3223 253 3271 L.
291 3222 368 3282 lil,
402 3237 443 3272 c.
474 3237 507 3272 1.

36 3753 37 3758 =
142 3726 191 3778 L.
224 3725 270 3785 l,
300 3739 341 3775 c.
373 3740 458 3786 xv,
490 3731 565 3776 17.

1552 468 1871 529 ...13-

641 604 880 677 aiebat
935 605 1180 677 fuisse.
1227 604 1582 678 Censebat
1621 606 1812 677 enim
1855 607 2271 697 philosophi
2319 626 2478 692 esse
2516 606 2769 678 verbo-

644 751 801 802 rum
843 730 1435 822 significationem
1476 731 1752 804 discere
1795 758 1824 795 a
1855 733 2198 822 quoniam
2235 733 2509 804 civibus
2552 750 2777 803 roma-

642 857 757 927 nis
788 856 1009 928 latine
1040 845 1507 945 loquentibus
1541 875 1688 928 rem
1731 875 1870 927 non
1907 876 2039 928 suo
2075 857 2414 928 vocabulo
2445 856 2777 929 demons-

644 989 826 1053 trare
859 1000 1005 1053 non
1047 983 1290 1053 minus
1325 988 1530 1072 turpe
1571 990 1760 1054 esset
1790 1001 2004 1072 quam
2040 982 2404 1054 hominem
2452 999 2597 1051 non
2640 998 2772 1051 suo

641 1107 934 1178 nomine
971 1108 1361 1198 appellare.
1400 1134 1429 1170 ι
1486 1109 1667 1177 Hinc
1704 1108 1918 1179 etiam
1959 1107 2198 1179 videre
2238 1107 2442 1178 facile
2481 1114 2591 1180 est
2629 1125 2772 1197 qua

640 1233 752 1303 via
807 1239 877 1304 et
928 1232 1205 1304 ratione
1260 1233 1651 1303 Favorinus
1707 1251 1749 1302 a
1794 1230 2050 1323 parvis
2098 1238 2165 1301 et
2210 1230 2510 1326 friffl‘dis
2566 1229 2772 1300 rebus

640 1357 972 1429 homines
1011 1356 1397 1428 adduceret
1431 1356 1524 1428 ad
1577 1355 1901 1429 utiliores
1943 1376 2121 1448 quas
2159 1380 2299 1427 non
2335 1355 2772 1426 eoetrinsecus

636 1502 759 1550 nec
781 1502 921 1573 per
953 1480 1470 1551 ostentationem
1511 1482 1878 1553 afferebat.
1925 1484 2020 1553 Ea
2061 1491 2298 1555 tamen
2340 1491 2512 1554 sunt
2560 1509 2591 1546 c
2636 1483 2769 1553 mi-

639 1625 778 1678 nus
828 1624 988 1679 vere
1040 1606 1455 1697 philosophi
1515 1626 1731 1698 quam
1793 1607 2208 1679 litteratoris
2266 1606 2771 1698 philosophiae

635 1732 977 1803 amatoris
1025 1727 1118 1823 (l)
1170 1758 1199 1794 ι
1250 1727 1377 1803 s‘ed
1427 1730 1794 1804 declarant
1838 1755 1873 1797 «
1915 1750 2128 1822 quam
2168 1732 2358 1803 vario
2406 1741 2476 1804 et
2526 1732 2769 1804 multi-

634 1856 801 1947 plici
846 1856 1135 1948 ingenio
1176 1856 1388 1928 fuerit
1430 1854 1523 1949 (2)
1574 1883 1604 1920 ι»
1661 1857 2077 1929 Favorinus.

740 1981 848 2053 Ad
910 1981 1285 2053 verborum
1355 2000 1606 2063 usum,
1672 1984 2000 2071 quamvis
2067 1983 2392 2055 altiorem
2469 2001 2764 2054 sensum

632 2108 973 2188 habeant,
1021 2108 1196 2178 haec
1244 2125 1533 2197 quoque
1574 2106 1937 2196 pertinent
1983 2132 1999 2177 ε
2051 2127 2209 2180 cum
2266 2106 2455 2178 dicat
2493 2108 2763 2178 Sallus·

633 2232 774 2304 tius
826 2232 1123 2303 avaritia
1178 2249 1436 2322 corpus
1489 2231 1961 2321 animumque
2000 2232 2273 2303 virilem
2331 2231 2757 2313 effeminari,

631 2358 1185 2447 interrogaverat
1206 2356 1599 2427 Favorinus
1626 2356 1987 2445 quomodo
2017 2374 2260 2458 earum
2296 2374 2532 2427 rerum
2569 2355 2763 2445 prior
2843 2345 2850 2351 ’

629 2481 783 2554 fieri
824 2488 1070 2572 posset
1105 2505 1121 2552 ε
1161 2482 1419 2571 rejecta
1459 2481 1800 2571 opinione
1843 2480 2345 2552 contendentis
2386 2478 2758 2570 cujusdam

627 2607 731 2678 sic
782 2606 1107 2678 animum
1153 2611 1222 2678 et
1259 2624 1517 2696 corpus
1566 2623 1693 2696 pro
1752 2606 2045 2677 homine
2102 2605 2463 2696 usurpari,
2511 2605 2759 2676 melio·

628 2749 772 2803 rem
812 2732 997 2803 alius
1030 2749 1068 2803 e
1103 2731 1576 2803 sectatoribus
1612 2731 1835 2803 credit
1866 2731 2294 2803 sententiam
2330 2750 2471 2820 qua
2502 2747 2757 2800 avarus

626 2874 795 2945 prae
833 2855 1152 2927 thesauri
1187 2854 1427 2926 studio
1467 2872 1719 2926 omnes
1755 2854 2071 2944 corporis
2105 2854 2385 2925 labores
2417 2860 2487 2926 et
2516 2871 2756 2924 curam

627 2980 938 3072 negligat
990 3003 1007 3050 ε
1071 2999 1286 3069 quam
1344 2980 1760 3070 opinionem
1825 2978 2078 3067 probat
2134 2979 2555 3058 Favorinus,
2615 2977 2759 3049 nisi

628 3106 1143 3197 suspicandum
1185 3108 1279 3178 sit
1313 3106 1734 3178 Sallustium
1776 3104 1930 3174 odio
1961 3103 2316 3174 avaritiae
2340 3104 2506 3196 plus
2541 3091 2758 3195 quam

613 3231 857 3324 potuit
893 3253 1052 3303 eam
1091 3203 1560 3302 crimz'bzatum
1595 3252 1761 3312 esse,
1805 3230 2003 3302 illam
2047 3230 2436 3302 observans
2476 3247 2757 3319 graeco-

625 3377 783 3430 rum
819 3358 1244 3449 elegantiam
1277 3364 1346 3428 et
1379 3354 1938 3428 mediocritatem
1972 3374 2188 3445 quam
2229 3373 2320 3426 ne
2354 3354 2565 3425 verbo
2597 3352 2755 3442 qui-

625 3482 787 3554 dem
828 3482 1069 3573 fugere
1108 3481 1410 3552 solebat.

722 3605 1279 3678 Moderationem
1323 3602 1416 3699 (5)
1465 3605 1656 3676 enim
1700 3607 2005 3677 Graecus
2046 3605 2167 3676 ille
2210 3603 2315 3675 vel
2368 3605 2440 3675 in
2484 3620 2756 3674 sermo-

623 3732 841 3804 nibus
878 3730 1398 3803 observandam
1433 3729 1765 3802 credebat
1794 3748 2103 3819 eumque
2134 3727 2497 3822 prodiyae
2532 3724 2757 3819 infre-

685 4000 755 4062 (l)
779 3999 860 4049 Cf.
895 3998 1179 4063 Brochard,
1209 4002 1296 4051 Les
1324 4000 1600 4062 saeptiones
1627 4012 1782 4060 qrecs,
1813 4013 1866 4059 p.
1898 3996 2007 4047 328.

685 4090 752 4152 (2)
777 4087 854 4138 Cf.
890 4088 1086 4150 Ruske,
1113 4104 1162 4152 p.
1190 4089 1267 4138 53.

683 4178 748 4241 (3)
781 4176 1076 4231 Brocbard.
1115 4181 1197 4227 Les
1226 4179 1505 4243 saeptiques
1537 4190 1677 4240 precs
1711 4196 1721 4224 ε
1755 4193 1781 4220 κ
1817 4176 1890 4224 La
1917 4175 2158 4225 doctrine
2187 4175 2326 4224 dela
2358 4172 2604 4223 nouvelle
2632 4186 2753 4222 aca-

617 4268 791 4318 demie
815 4271 897 4316 eet
926 4280 998 4317 uu
1022 4269 1167 4331 juste
1194 4267 1379 4317 milieu
1406 4284 1430 4311 ²»
1465 4267 1538 4330 (p.
1572 4264 1698 4328 388).
