3125 4959
1516 474 1837 537 ..90-

159 585 530 680 imni-m-
611 613 938 696 audiant,
991 639 1023 679 »
1073 631 1258 704 quae
1297 631 1459 687 vera
1511 621 1621 686 est
1675 614 2064 707 Pyrrhonis
2119 614 2499 708 disciplina
2538 616 2746 706 quus

611 739 768 829 ipsa
814 738 1027 811 refert
1070 737 1309 810 verba.
1358 739 1625 830 Pyrrho
1675 739 1865 812 enim
1920 740 2104 811 hanc
2159 741 2370 812 Plinii
2426 739 2743 813 Secundi

611 863 1127 935 contumaciam
1181 881 1325 934 non
1367 863 1740 935 affectabat
1787 885 2013 933 unum
2061 871 2336 934 certum
2383 863 2568 933 nihil
2599 885 2752 933 esse

612 986 813 1072 certi,
859 995 953 1071 et,
1000 989 1195 1079 quod
1235 989 1504 1061 Gellius
1552 989 1822 1070 omisit,
1863 989 2027 1061 ideo
2073 991 2325 1081 judicii
2375 990 2746 1063 abstinen-

615 1113 784 1185 tiam
828 1114 1175 1187 suadebat
1221 1122 1298 1186 ut
1342 1116 1565 1186 animi
1608 1116 2128 1205 tranquillitate
2166 1116 2564 1188 frueremur
2615 1113 2741 1210 (1).

614 1240 755 1311 Nec
798 1240 1130 1330 exposuit
1166 1240 1438 1311 Gellius
1485 1246 1843 1329 quatenus
1889 1259 2130 1312 secum
2176 1242 2322 1313 sint
2372 1248 2748 1313 consenta-

164 1384 213 1434 ι.
244 1384 320 1444 m,
346 1399 386 1434 e.
417 1399 466 1439 v,
495 1386 537 1433 ⁵.
620 1366 736 1438 nei
775 1365 882 1436 illi
940 1366 1063 1456 qui
1114 1364 1430 1436 sinceras
1465 1364 1943 1461 proprietates
1995 1371 2263 1456 neyant
2313 1387 2507 1458 posse
2556 1364 2755 1436 nosci

618 1496 681 1559 et
701 1488 991 1583 percipi
1033 1488 1243 1582 idque
1292 1489 1540 1561 docere
1586 1496 1794 1582 atque
1840 1489 2202 1560 ostendere
2238 1489 2478 1560 multis
2524 1488 2755 1559 modis

617 1619 995 1685 conantur.
1043 1617 1142 1686 De
1181 1615 1270 1685 iis
1304 1615 1585 1706 placitis
1624 1616 2178 1706 pyrrhoniorum
2216 1615 2417 1687 addit
2447 1616 2752 1706 scriptos

620 1758 661 1809 a
713 1740 1058 1811 Favorino
1119 1738 1341 1811 libros
1393 1739 1634 1812 decem
1689 1737 2123 1808 subtilissime
2169 1737 2756 1831 argutissimeque

165 1884 215 1932 L.
245 1884 319 1944 x1,
346 1897 388 1934 e.
413 1898 463 1943 v,
494 1890 537 1935 5.
617 1865 1050 1959 compositos.

717 1994 796 2064 In
835 1993 970 2064 hoc
1006 1991 1410 2065 consentire
1449 1992 1548 2063 ait
1584 1992 2018 2083 Pyrrhonios
2053 1999 2121 2064 et
2155 1991 2611 2064 Academicos
2644 1987 2743 2083 (2)

621 2118 813 2207 quod
854 2118 1140 2209 utrique
1181 2124 1442 2209 negent
1484 2118 1701 2189 ullam
1748 2135 1892 2188 rem
1938 2116 2206 2208 percipi
2254 2135 2462 2208 posse
2501 2134 2626 2207 per
2672 2133 2754 2187 se

618 2261 700 2314 ac
727 2261 937 2314 suum
978 2259 1260 2332 semper
1300 2242 1657 2313 retineant
1690 2238 2073 2332 jndicium,
2108 2240 2301 2330 quod
2341 2238 2755 2332 significant

619 2386 862 2459 graeca
893 2384 1139 2439 eorum
1164 2364 1589 2457 Cognomina
1613 2366 1961 2450 σκεπτικοὶ,
1982 2367 2315 2457 ἐφεκτικοὶ,
2341 2367 2745 2459 ἀπορητικοί·

620 2491 1014 2563 secundum
1060 2498 1402 2582 utrosque
1437 2489 1527 2563 de
1566 2491 1804 2581 specie
1840 2508 2105 2573 rerum,
2142 2508 2288 2562 non
2322 2491 2411 2562 de
2451 2509 2524 2562 re
2555 2509 2747 2574 vera,

620 2616 708 2688 de
758 2615 848 2687 iis
898 2634 1082 2707 quae
1130 2615 1483 2688 sentimus
1532 2633 1665 2687 nec
1716 2615 1804 2687 de
1853 2615 1944 2686 iis
1994 2633 2179 2705 quae
2232 2622 2402 2688 sunt
2443 2615 2752 2706 jndicari

622 2741 808 2812 licet.
864 2743 942 2812 ln
992 2759 1074 2813 eo
1130 2740 1550 2831 praesertim
1603 2739 2045 2813 dissentiunt
2096 2739 2290 2830 quod
2345 2738 2753 2811 Academici

620 2867 755 2938 hoc
782 2866 1033 2938 saltem
1062 2864 1420 2937 affirmant
1455 2865 1638 2936 nihil
1670 2865 1954 2938 decerni
1987 2863 2473 2955 affirmarique
2504 2884 2749 2955 posse,

164 3016 459 3077 L.x1‚c.v,
490 3023 534 3066 8.
618 2992 788 3064 dum
831 2998 1076 3064 contra
1132 2991 1507 3082 Pyrrhonii
1563 3010 1655 3062 ne
1703 2992 1838 3063 hoc
1887 2989 2207 3081 quidem.
2256 2991 2755 3063 Strictioribus

617 3115 1057 3208 argumentis
1099 3134 1329 3208 nuper
1369 3116 1938 3188 demonstratum
1981 3122 2090 3187 est
2128 3101 2572 3207 Pyrrhonios¹
2604 3135 2755 3187 ma-

617 3243 724 3334 gis
763 3242 855 3314 ad
894 3261 976 3314 ea
1013 3259 1199 3332 quae
1238 3241 1582 3314 scientiae
1625 3241 1917 3312 nomine
1958 3259 2150 3313 nunc
2186 3260 2546 3323 vocamus,
2588 3261 2751 3313 aca-

618 3365 930 3438 demicos
971 3383 1133 3438 vero
1173 3365 1264 3437 ad
1308 3383 1391 3437 ea
1437 3384 1623 3454 quae
1662 3364 2002 3437 dicuntur
2052 3365 2325 3437 litterae
2371 3366 2595 3457 magis
2636 3366 2753 3437 in·

617 3491 994 3563 clinavisse
1041 3487 1135 3583 (5)
1184 3515 1200 3561 :
1246 3488 1351 3560 illi
1393 3490 1584 3561 enim
1628 3489 2069 3562 dialecticam
2112 3490 2592 3582 dedignantur
2624 3499 2758 3564 aut

618 3614 828 3687 etiam
870 3613 1226 3693 derident,
1267 3612 1342 3685 hi
1383 3620 1629 3685 contra
1668 3632 1823 3686 eam
1866 3613 2174 3685 maxima
2215 3631 2434 3704 opera
2472 3614 2747 3686 colunt.

614 3738 1006 3812 Favorinus
1055 3744 1291 3810 tamen
1346 3737 1531 3811 inter
1580 3745 1968 3829 utrumque
2019 3745 2211 3810 stare
2267 3738 2570 3820 videtur,
2623 3739 2756 3828 qui

613 3867 687 3938 in
728 3884 812 3940 ea
865 3883 1078 3956 quam
1142 3883 1361 3956 snpra
1411 3863 1789 3937 retulimus
1844 3854 2327 3937 controversia
2381 3863 2758 3936 Academi-

675 4092 741 4157 (1)
767 4090 1054 4152 Brochard‚
1087 4105 1167 4156 op.
1200 4092 1306 4149 cit„
1338 4103 1387 4155 p.
1419 4090 1495 4149 58,
1529 4089 1622 4153 763
1653 4091 1725 4142 cf.
1757 4088 1945 4144 Mont..
1977 4092 2011 4140 l.
2047 4088 2119 4151 11,
2152 4104 2199 4139 c.
2224 4103 2312 4141 ιιι.

675 4181 740 4245 (2)
771 4178 838 4231 V.
872 4179 1159 4243 Brochard‚
1191 4180 1341 4244 ibid„
1372 4193 1424 4242 p.
1455 4178 1535 4230 98.

677 4270 744 4334 (3)
772 4267 1059 4328 Broehard,
1090 4283 1175 4334 op.
1199 4269 1305 4331 cit„
1335 4282 1389 4333 p.
1418 4267 1500 4318 93.
