3125 4959
1232 492 1591 553 -101—

328 633 677 706 dicuntur
698 633 787 706 de
807 632 1210 717 contrariiS,
1234 632 1636 721 conjunctis
1656 631 1761 703 vel
1783 631 2159 721 copulatis,
2183 630 2470 721 adjunc-

328 760 431 831 tis
484 758 592 832 vel
650 760 991 832 connexis
1036 757 1691 850 propositionibus,
1738 756 2146 848 regulisque
2204 754 2469 845 quibus

328 884 878 977 componendae
918 892 1089 956 sunt
1134 880 1262 976 (1).
1308 884 1503 968 Quae
1539 890 1793 954 cuncta
1828 901 1869 952 a
1906 880 2153 973 logicis
2192 882 2471 971 vulgata
2592 893 2597 902 ·

330 1011 518 1082 satis
554 1016 663 1082 est
691 1009 1034 1083 indicare.
1068 997 1223 1081 Non
1256 1010 1481 1100 magis
1514 1006 1886 1081 referenda
1917 1006 2249 1079 videntur
2288 1025 2472 1097 quae
2527 1025 2947 1085 L.xv111,c.1‚1÷l

330 1135 747 1207 scholarum
788 1153 985 1206 more
1024 1133 1112 1206 de
1150 1133 1591 1223 argumentis
1622 1132 1999 1223 reciprocis
2039 1131 2465 1222 disputavit,

331 1279 646 1350 quorum
693 1259 1042 1350 quaedam
1087 1278 1302 1350 prava
1353 1276 1512 1331 esse
1551 1258 1920 1330 contendit
1972 1258 2060 1330 de
2099 1257 2469 1348 enthyme-
2587 1334 2591 1338 ,

332 1385 695 1467 matibus,
760 1405 902 1476 quo
957 1385 1169 1456 verbo
1224 1383 1578 1475 significat
1634 1383 2015 1455 oratoriam
2071 1384 2468 1475 argumenti
2527 1402 2667 1462 L.1,
2705 1415 2748 1452 0.
2788 1415 2855 1450 ιν.
2893 1431 2951 1435 -

330 1511 638 1582 formam
681 1511 1281 1583 abundantiorem
1320 1518 1389 1583 et
1426 1512 1793 1583 laetiorem
1836 1529 2051 1600 quarn
2098 1509 2290 1600 quod
2334 1509 2467 1580 ho·
2588 1464 2951 1638 Ξὶἰὴοὲἰῖξχῖ

335 1635 459 1708 die
518 1636 723 1727 logici
783 1635 1165 1726 scriptores
1232 1635 1685 1728 concipiunt,
1754 1653 1886 1707 nec
1943 1635 2474 1708 enumerandae
2719 1627 2730 1650 ’
2788 1624 2800 1637 '
2911 1631 2916 1639 '

329 1759 691 1853 captiones
720 1760 888 1832 illae
917 1760 1064 1832 sive
1086 1766 1431 1853 captiosae
1462 1761 1922 1851 quaestiones
1957 1779 2259 1851 quarum
2299 1779 2472 1831 usus

332 1886 412 1956 in
474 1883 740 1956 scholis
796 1882 992 1957 illius
1048 1886 1389 1977 temporis
1443 1884 1785 1975 frequens
1828 1891 1979 1956 erat
2036 1880 2130 1978 (2)
2185 1908 2201 1954 ε
2252 1882 2473 1974 pluri-

332 2028 493 2081 mas
537 2010 639 2082 ait
677 2009 832 2101 ipse
883 2009 1137 2083 inanes
1188 2029 1347 2082 esse
1389 2016 1458 2081 et
1517 2008 1866 2100 quasdam
1922 2006 2192 2104 lepidas
2247 2007 2471 2098 magis

330 2131 727 2224 aryutv‘olas
768 2152 982 2224 quam
1026 2131 1255 2226 proba
1294 2138 1737 2224 armamenta
1784 2132 2004 2204 videri
2045 2131 2406 2204 concludit
2451 2155 2466 2201 :
2529 2149 2947 2210 uxvuranffl.

329 2266 652 2331 attamen
712 2278 843 2330 nos
902 2258 1106 2331 docet
1160 2278 1302 2349 quo
1356 2265 1560 2350 pacto
1605 2259 1942 2349 aequales
1985 2258 2139 2347 ejus
2189 2257 2471 2349 sophis-

329 2392 525 2455 mata
561 2384 908 2454 resolvere
940 2392 1404 2466 conarentur,
1451 2385 1638 2456 inter
1680 2402 1865 2474 quae
1899 2383 2277 2474 praecipue
2326 2400 2472 2454 me-

327 2509 564 2599 garica
606 2516 980 2589 memorat,
1024 2516 1094 2579 et
1134 2508 1495 2599 quomodo
1536 2508 1731 2580 Calv.
1773 2510 2046 2580 Taurus
2085 2527 2168 2581 ea
2206 2508 2469 2580 exerci-
2545 2536 2799 2596 L.v11‚c.
2833 2550 2931 2584 xm.

331 2633 433 2704 tia
479 2651 625 2703 non
666 2640 1172 2724 aspernaretur
1201 2689 1217 2713 ‚
1262 2642 1613 2723 quantum
1670 2633 1983 2723 denique
2039 2633 2359 2705 studium
2403 2640 2472 2705 et

332 2777 502 2831 cura
554 2758 656 2829 illi
713 2777 1128 2830 sermonum
1180 2761 1422 2851 generi
1474 2761 1668 2849 quod
1723 2758 2238 2832 controversias
2281 2758 2470 2830 dice-

332 2883 515 2955 bant
552 2883 1041 2956 adhiberetur.
1086 2886 1314 2956 Testis
1371 2903 1534 2976 ergo
1590 2891 1698 2956 est
1745 2884 2015 2956 Gellius
2069 2903 2217 2956 non
2272 2885 2469 2974 parvi

333 3009 723 3091 momenti,
771 3009 832 3079 si
898 3010 1001 3079 vis
1056 3028 1479 3099 cognoscere
1534 3027 1678 3098 quo
1742 3008 2120 3080 inclinaret
2169 3026 2251 3079 eo
2313 3008 2469 3078 vivo

331 3133 797 3224 philosophia
826 3188 843 3215 ,
890 3142 958 3205 et
1008 3153 1221 3223 quam
1265 3134 1541 3206 levibus
1588 3151 1800 3224 saepe
1848 3132 2062 3204 rebus
2103 3131 2472 3204 dialectica

335 3257 654 3330 studeret
702 3257 830 3352 (5),

435 3384 795 3474 Perpauca
840 3392 1073 3456 tamen
1118 3384 1206 3455 ad
1250 3383 1804 3475 promovendam
1845 3381 2070 3455 animi
2118 3382 2465 3454 culturam

334 3506 629 3579 tradidit
683 3518 753 3580 et
807 3510 1233 3600 plerumque
1274 3510 1331 3580 si
1394 3526 1539 3579 non
1599 3508 1833 3581 verbis
1878 3528 1952 3579 re
1999 3516 2235 3580 tamen
2277 3507 2468 3580 Cice-

337 3649 582 3702 ronem
628 3630 892 3703 imitari
934 3633 1108 3703 satis
1150 3634 1366 3705 habet
1404 3659 1419 3704 :
1463 3634 1658 3723 quod
1697 3641 1991 3725 apparet
2031 3634 2119 3705 iis
2160 3652 2343 3724 quae
2380 3634 2469 3706 de

206 3779 216 3786 ·
330 3754 810 3825 aooz'omatibas
866 3759 973 3829 vel
1014 3757 1540 3849 pronuntiatis,
1598 3759 1684 3831 de
1745 3758 2353 3831 demonstratione
2401 3766 2468 3831 et
2524 3773 2574 3823 L.
2607 3773 2939 3833 xvr‚.e.v1u-

399 4022 464 4084 (1)
496 4020 573 4073 Cf.
608 4024 823 4087 Loqique
855 4026 915 4075 de
944 4025 1274 4089 Pon-Royal‚
1306 4030 1407 4075 etc.

401 4113 466 4175 (ἲ)
500 4111 577 4165 Cf.
606 4114 806 4177 Zoster,
841 4116 969 4166 Phil.
1005 4118 1089 4166 des
1120 4116 1278 4177 Grecs,
1310 4130 1447 4181 pass.
1483 4144 1541 4152 —
1573 4116 1867 4177 Brochard‚
1899 4118 1982 4165 Les
2011 4115 2284 4180 sceptiqtaees
2310 4130 2464 4178 yrecs,

332 4216 472 4267 pass.
502 4206 553 4252 et
580 4217 755 4267 supra.

397 4293 463 4356 (3)
492 4294 624 4347 Ibid.
