3125 4959
1234 506 1557 569 ...29-

321 675 468 724 non
506 647 769 744 parvis
818 667 946 717 nec
997 643 1281 733 abjectis
1318 643 1620 737 inqeniis
1672 642 1996 715 accidere
2020 698 2038 725 ‚
2083 643 2207 713 sed
2242 643 2472 715 nescio

324 776 505 873 quid
552 772 919 845 heroicum
969 768 1265 855 habere,
1314 769 1718 860 adjecitque
1773 768 1995 841 facete
2043 769 2203 850 illa,
2265 768 2326 840 si
2381 770 2473 841 ab

329 901 760 975 Antisthene
801 902 926 969 aut
975 896 1289 987 Diogene
1328 894 1515 968 dicta
1548 901 1831 977 essent,
1878 894 2223 967 memoria
2262 894 2477 986 digna

326 1028 484 1100 visa
513 1044 705 1099 esse.
1250 1087 1258 1101 ,

429 1153 557 1223 His
596 1166 892 1242 prorsus
933 1129 1277 1218 omnibus
1310 1145 1552 1218 videre
1597 1145 1762 1217 licet
1801 1163 1944 1235 qua
1975 1144 2089 1216 via
2129 1145 2204 1216 in
2247 1145 2483 1235 philo-

330 1276 588 1367 sophia
625 1271 1054 1365 processerit
1108 1270 1502 1342 Favorinus
1545 1287 1874 1360 quasque
1914 1268 2340 1359 disciplinas
2382 1268 2481 1340 vi-

332 1400 576 1475 cissim
610 1398 990 1490 amplexus
1026 1396 1144 1469 sit.
1191 1396 1491 1487 Epicteti
1538 1395 1847 1486 primum
1888 1394 2288 1485 discipulus
2334 1390 2474 1487 (1),

333 1527 538 1617 cujus
586 1523 1067 1596 admiratione
1120 1521 1509 1613 flagrabat,
1570 1538 1967 1610 quemque,
2020 1521 2347 1610 quamvis
2388 1518 2479 1591 ad

333 1648 794 1724 Academicos
852 1648 957 1719 vel
1013 1645 1441 1738 pyrrhonios
1480 1664 1522 1716 a
1562 1639 1821 1717 Stoicis
1857 1645 2275 1726 devenerit,
2324 1646 2480 1716 lau-

334 1776 550 1848 dibus
601 1772 1109 1865 prosequitur,
1165 1777 1526 1861 postremo
1570 1770 1959 1843 Carneadis
2007 1770 2479 1842 AEnesidemi-

335 1917 477 1991 que
523 1896 784 1990 placita
836 1903 1125 1969 secutus
1180 1904 1285 1967 est
1345 1891 1438 1989 (Ξ)
1502 1920 1519 1966 :
1582 1894 1775 1967 unde
1832 1894 1911 1968 fit
1964 1902 2042 1967 ut
2097 1896 2327 1967 utrius
2387 1897 2481 1967 sit

335 2030 571 2097 sectae
613 2021 800 2093 inter
837 2021 1310 2112 philosophos
1347 2019 1753 2110 ambigatur
1789 2027 1857 2091 et
1890 2019 2217 2092 concludi
2248 2019 2481 2110 possit

339 2165 548 2228 eum,
602 2142 980 2238 perpensis
1033 2145 1239 2216 libris
1288 2144 1443 2234 ejus
1497 2150 1568 2217 et
1623 2143 1878 2235 agendi
1929 2142 2481 2234 disserendique

341 2274 659 2352 ratione,
702 2271 794 2342 ab
849 2278 1151 2360 utraque
1191 2269 1590 2360 disciplana
1636 2277 2010 2361 praecepta
2059 2288 2189 2341 sua
2237 2287 2481 2361 sump-

223 2443 234 2448 -
343 2397 528 2469 sisse
583 2414 714 2470 noc
771 2394 1023 2467 utrivis
1090 2393 1486 2484 quidquam
1546 2392 1636 2466 de
1698 2412 1828 2465 suo
1893 2393 2265 2482 adjecisse.
2331 2392 2481 2467 Illis

342 2518 670 2610 alioquin
708 2518 1068 2591 assentior
1121 2519 1241 2608 qui
1288 2519 1474 2589 hanc
1518 2536 1666 2589 rem
1708 2519 1905 2610 parvi
1951 2520 2290 2591 momenti
2327 2537 2483 2591 aes·

343 2645 818 2724 timaverunt‚
877 2660 1038 2714 cum
1093 2642 1540 2733 temporibus
1594 2644 1923 2714 Favorini
1987 2644 2357 2736 pyrrhonii
2416 2652 2487 2717 et

342 2766 728 2840 academici
788 2768 1013 2839 multa
1070 2766 1338 2839 similia
1393 2768 1501 2839 vel
1548 2766 1765 2838 etiam
1818 2768 2228 2839 communia
2267 2768 2485 2841 habe-

345 2899 506 2966 rent
544 2889 672 2986 (5).
718 2890 923 2977 Quod
965 2892 1027 2963 si
1051 2892 1174 2963 ‘vis
1213 2890 1595 2964 decernere
1639 2907 1824 2981 quae
1862 2909 2025 2963 eum
2069 2893 2481 2983 loquentem

345 3016 702 3089 audiverit
730 3034 1060 3107 quaeque
1082 3034 1165 3088 ex
1194 3017 1350 3108 ejus
1385 3015 1590 3086 libris
1616 3017 2049 3106 excerpserit
2082 3017 2352 3089 Gellius
2391 3018 2483 3089 ad

347 3158 564 3231 opera
625 3135 718 3233 (4)
773 3159 990 3231 supra
1040 3140 1327 3212 laudata
1385 3147 1451 3212 te
1499 3158 1827 3212 revocare
1884 3149 2187 3231 oportet.
2243 3142 2480 3213 Unum

347 3271 735 3355 utcumque
766 3262 1103 3345 affirmari
1146 3271 1400 3356 potest,
1443 3264 1668 3337 Gellio
1701 3265 2089 3357 plurimum
2124 3265 2481 3356 profuisse

342 3388 668 3459 Favorini
711 3387 1266 3461 familiaritatem
1292 3444 1309 3471 ,
1365 3390 1571 3480 cujus
1628 3406 1862 3463 mores
1901 3396 1971 3462 et
2010 3390 2250 3462 studia
2287 3391 2480 3461 varia

341 3530 472 3603 pro
512 3512 703 3583 virili
750 3521 952 3604 parte
991 3513 1312 3586 imitatus
1351 3520 1486 3586 est.

411 3794 476 3856 (Ι)
503 3790 583 3843 Cf.
615 3792 813 3852 Ruske,
843 3809 895 3858 p.
927 3794 1009 3847 60.

404 3881 479 3946 (2)
504 3880 583 3935 cf.
609 3880 902 3946 Brocbard,
932 3898 1013 3949 op.
1047 3887 1153 3946 cit„
1181 3899 1234 3949 p.
1266 3883 1376 3936 261.

407 3970 478 4034 (3)
502 3970 654 4030 lbid..
683 3986 734 4035 p.
765 3971 988 4024 328·330.

409 4061 476 4125 (4)
507 4059 585 4112 Cf.
622 4060 815 4122 Ruske‚
848 4064 930 4121 53,
956 4063 1037 4116 6l.
1064 4091 1123 4101 —
1152 4063 1427 4127 Mercklffi,
1457 4063 1551 4115 675
1576 4070 1629 4115 et
1654 4079 1762 4127 seq.
