3125 4959
1242 487 1563 549 -49-

285 650 293 657 ·
342 627 556 724 quam
605 627 1121 721 φυσιογνωμονίαν
1162 632 1416 698 vocant
1461 649 1477 696 ε
1539 644 1725 717 quae
1776 643 1890 697 ars
1944 624 2313 717 superiore
2366 640 2474 698 se-

343 744 639 825 culo'ab
683 751 1041 824 Helvetico
1093 750 1406 842 quodam
1449 752 1821 841 scriptore,
1867 750 1991 841 qui
2033 750 2241 843 quasi
2282 750 2476 821 fana·

340 877 558 949 ticum
600 878 912 950 furorem
961 876 1306 968 spirabat,
1357 875 1669 968 amplius
1707 876 1984 966 prolata
2030 875 2162 947 fuit
2201 881 2269 947 et
2311 893 2475 946 nos·

344 1000 473 1074 tris
513 1001 959 1093 temporibus
1019 1002 1453 1074 severiorum
1500 999 1870 1073 materiam
1920 1000 2477 1092 inquisitionum

347 1126 703 1216 praebuit.

460 1250 795 1340 Quodsi
871 1250 1307 1343 Pythagoras
1375 1251 1898 1323 mathematicis
1972 1250 2195 1341 magis
2262 1269 2477 1341 qnam

345 1374 569 1446 animi
636 1375 979 1448 scientiae
1043 1376 1383 1449 studebat
1440 1384 1509 1448 et
1573 1377 1840 1467 majore
1903 1394 2069 1447 cura
2129 1375 2481 1466 principia

348 1519 585 1572 rerum
642 1519 1249 1591 numerorumque
1303 1502 1490 1573 vices
1541 1519 1756 1592 quam
1805 1502 2164 1572 humanae
2196 1500 2480 1571 mentis

347 1633 678 1698 naturam
730 1626 1116 1717 anquirere
1169 1627 1541 1699 videbatur
1599 1628 1874 1717 (narrat
1925 1630 2116 1699 enim
2177 1626 2474 1709 GelliuS,
2622 1630 2878 1693 hbe-1·

349 1757 636 1823 auctore
663 1752 1068 1834 Plutarcho,
1104 1752 1467 1843 quomodo
1499 1752 1786 1824 Samius
1816 1752 1939 1824 ille
1971 1751 2476 1844 philosophus,

350 1895 510 1948 cum
545 1877 914 1968 Olympiae
951 1876 1264 1949 stadium
1307 1876 1399 1948 ab
1439 1878 1741 1949 Hercule
1779 1875 2135 1949 sexcentis
2176 1874 2484 1967 pedibus

352 1989 726 2088 metatum,
786 2002 1040 2074 ceteris
1096 2002 1428 2074 Graeciae
1489 2001 1743 2074 stadiis
1806 2006 2313 2092 comparasset,
2372 2007 2486 2068 ra·-¹

346 2124 536 2194 tione
596 2125 1079 2219 proportionis
1140 2124 1424 2208 habita,
1485 2134 1749 2199 statum
1819 2124 2490 2218 longitudinemque

353 2250 677 2323 Herculis
728 2268 1022 2323 mensus
1077 2251 1203 2333 sit;
1251 2251 1730 2342 eumdemque
1783 2252 1882 2322 ait
1931 2250 2202 2329 dixisse
2238 2250 2486 2321 lunam

353 2383 628 2466 septem
682 2381 750 2448 et
790 2375 1039 2467 viginti
1095 2375 1352 2448 diebus
1408 2375 1653 2447 orbem
1711 2392 1930 2447 suum·
1975 2377 2307 2458 lustrare,
2361 2374 2486 2466 qni

358 2518 701 2574 numerus
754 2500 982 2595 ternio
1029 2502 1288 2573 cubum
1345 2498 1624 2593 efficit);
1680 2541 1776 2552 —
1826 2518 1989 2573 enm
2040 2507 2281 2573 tamen
2340 2517 2484 2571 non
2604 2509 2796 2569 L.1‚c-
2829 2520 2916 2555 xx·

354 2625 670 2716 fugiebat
732 2634 970 2699 mente
1026 2626 1277 2718 agitari
1339 2643 1750 2717 corpoream
1823 2626 2080 2698 molem
2143 2626 2490 2715 vultuque

356 2752 807 2846 cogitationis
848 2752 1375 2842 affectuumque
1411 2753 1616 2843 signa
1655 2758 1724 2824 et
1758 2750 2139 2842 imaginem
2185 2750 2427 2822 referri
2468 2774 2484 2820 z

357 2877 556 2968 qnod
608 2883 921 2949 ceterum
966 2894 1353 2968 congruere
1395 2876 1674 2948 videtur
1728 2894 1884 2949 cum
1944 2875 2069 2947 illa
2121 2875 2209 2948 de
2253 2875 2491 2946 futura

357 3001 501 3072 vita
554 2999 879 3071 doctrina
932 3001 1134 3089 cujus
1199 3007 1584 3073 sectatores
1636 3000 1989 3073 docebant
2043 3000 2357 3071 animam
2414 2999 2488 3069 in

359 3123 515 3214 ejus
543 3122 816 3195 bestiae
847 3142 1104 3214 corpus
1145 3124 1604 3216 praecipitem
1638 3124 1741 3197 ire
1780 3125 1983 3215 cujus
2023 3125 2335 3216 quisque
2368 3141 2492 3214 po·

359 3248 737 3320 tissimum·
761 3266 993 3322 mores
1037 3247 1458 3321 effinxisset.

459 3371 838 3463 Copiosius
875 3371 1057 3443 illud
1098 3372 1494 3456 silentium,
1543 3375 1688 3445 non
1722 3374 2061 3446 omnibus
2103 3373 2321 3461 idem,
2366 3374 2493 3446 sed

360 3496 525 3568 aliis
564 3496 762 3569 alind
804 3515 929 3588 pro
981 3495 1307 3567 solertiae
1355 3498 1883 3582 aestimatione,
1925 3517 2058 3571 nec
2108 3498 2351 3572 minus
2391 3508 2494 3573 ta·
2548 3520 2975 3587 L.1,0.1x,3,sq.

360 3639 527 3693 men
569 3622 697 3694 ulli
741 3641 955 3714 quam
997 3622 1385 3705 biennium,
1423 3623 1679 3715 probat
1708 3624 2007 3708 Gellius,
2039 3626 2497 3718 excerpitque

362 3764 495 3837 pro
529 3748 856 3837 exemplo
896 3766 978 3819 ac
1015 3755 1390 3840 praecepto
1433 3747 1724 3820 satiram
1768 3768 1983 3840 quam
2026 3750 2253 3821 Tauro
2294 3751 2495 3824 attri-

359 3869 546 3952 buit,
597 3869 1087 3978 adolescentes
1138 3890 1311 3945 suae
1351 3872 1607 3945 aetatis
1644 3874 2195 3965 reprehendenti
2243 3875 2366 3965 qui
2409 3874 2498 3947 de

362 3994 703 4066 omnibus
766 3995 1009 4079 rebus,
1072 3997 1394 4091 nondum
1461 3998 1637 4070 satis
1696 3998 1984 4071 exerciti
2043 3998 2492 4088 eruditique,

363 4116 729 4192 disserere
748 4120 1255 4212 magistrisque
1286 4121 1711 4214 disciplinae
1751 4124 2065 4214 regulam
2099 4130 2169 4195 et
2206 4121 2498 4194 modum

360 4241 683 4316 indicare
720 4243 1191 4318 contendunt.

2150 4382 2181 4443 4
