3125 4959
174 1372 226 1424 L.
258 1372 357 1434 ΧΧ,
385 1381 428 1420 c.
461 1385 493 1433 ι,
521 1375 598 1420 20.

172 1997 224 2049 L.
258 1997 355 2062 XX,
386 2013 429 2052 c.
461 2015 491 2062 ι,
521 2006 596 2053 21.

176 2873 225 2924 L.
242 2873 399 2933 xvm,
414 2879 597 2938 e.v11‚1.

1558 467 1890 529 ...28-

647 601 759 673 nis
812 604 995 677 actio
1036 604 1307 678 orietur
1354 611 1424 677 et
1477 603 1767 697 infinita
1816 606 2167 698 quaedam
2221 607 2564 678 talianum
2611 607 2803 679 reei-

643 728 965 823 procatio
1010 725 1135 824 (1).

752 854 1094 927 Immanis
1136 874 1425 947 quoque
1470 857 1534 927 ei
1584 854 1864 928 videtur
1902 856 2026 927 illa
2079 857 2189 928 lex
2245 877 2388 947 qua
2427 857 2799 930 creditori-

651 980 790 1052 bus
839 980 1243 1052 debitorum
1298 980 1619 1052 membra
1673 980 1951 1052 diverse
1994 979 2394 1055 distrahere
2441 983 2685 1055 liceret
2722 990 2814 1055 et

654 1104 868 1177 Sexto
937 1103 1241 1176 Caecilio
1305 1105 1746 1177 assentimur
1800 1104 1924 1195 qui
1952 1159 1969 1186 ‚
2040 1124 2199 1177 cum
2266 1125 2396 1197 pro
2462 1107 2796 1198 exemplo

655 1246 958 1320 poenam
995 1228 1278 1310 haheat,
1316 1229 1743 1304 Favorinum
1787 1236 2025 1302 tamen
2064 1229 2179 1302 his
2221 1232 2453 1303 verbis
2487 1231 2732 1304 laudat
2771 1257 2791 1302 ε

669 1379 700 1415 ι
727 1354 826 1424 Tu
856 1371 959 1433 es,
997 1353 1259 1443 inquit,
1308 1372 1495 1426 unus
1528 1353 1838 1443 proiecto
1871 1352 1943 1424 in
1983 1362 2229 1425 nostra
2270 1356 2613 1427 memoria
2644 1374 2797 1427 non

656 1495 946 1568 graecae
1014 1477 1225 1550 modo
1285 1477 1410 1550 sed
1471 1496 1807 1551 romanae
1868 1477 1968 1549 rei
2034 1479 2544 1568 peritissimus,
2618 1480 2797 1565 Quis

658 1602 849 1674 enim
886 1601 1482 1693 philosophorum
1527 1603 1952 1694 disciplinae
1992 1622 2163 1676 suae
2205 1604 2393 1695 leges
2434 1611 2579 1676 tam
2619 1606 2799 1676 scite

657 1733 875 1818 atquc
910 1726 1114 1799 docte
1155 1728 1362 1800 callet
1417 1746 1631 1818 quam
1678 1729 1865 1819 leges
1916 1735 1990 1800 tu
2033 1716 2314 1800 nostras
2361 1728 2796 1801 decemvira-

661 1851 762 1924 les
802 1851 1295 1943 percalluisti?
1333 1879 1363 1916 ιι
1427 1855 1758 1925 Attamen
1808 1853 1897 1923 ab
1948 1871 2029 1924 eo
2076 1853 2254 1943 petit
2295 1860 2370 1925 ut
2412 1851 2796 1944 deqredia-

656 1982 777 2046 tur
816 1975 1194 2071 paulisper
1240 1998 1276 2047 e
1328 1975 1710 2048 curriculis
1754 1975 1897 2047 istis
1947 1975 2508 2070 disputationum
2543 1976 2795 2047 acade-

655 2102 883 2187 mici3‚
906 2111 974 2179 et
1001 2103 1281 2178 omittat
1304 2100 1615 2172 studium
1638 2101 1981 2195 quidquid
2005 2100 2279 2171 libitum
2302 2109 2401 2172 est
2428 2125 2522 2173 ai
2521 2102 2799 2195 quendi

653 2228 1026 2323 tuendique
1060 2282 1079 2315 ,
1151 2228 1717 2301 academicorum
1788 2229 2206 2320 proprium,
2273 2223 2796 2368 consideretque

652 2353 957 2446 gravius
994 2352 1307 2425 cuimodi
1342 2352 1479 2422 sint
1517 2371 1600 2425 ea
1640 2371 1823 2443 quae
1865 2352 2349 2444 reprehendit.

757 2479 1144 2552 Leuitatem
1181 2477 1508 2550 Favorini
1548 2475 1615 2571 (2
1621 2476 1642 2571 )
1681 2478 2128 2569 perspicuam
2162 2478 2327 2550 facit
2360 2478 2631 2552 Gellius
2663 2498 2796 2552 nec

656 2603 876 2675 ullam
944 2606 1099 2695 ejus
1161 2602 1519 2675 notandae
1582 2604 2029 2675 occasionem
2091 2603 2381 2675 amittit.
2453 2604 2571 2676 Sic
2629 2624 2788 2677 cum

654 2727 908 2801 acriter
962 2727 1024 2800 ei
1080 2727 1574 2818 respondisset
1631 2728 2026 2822 DomitiUS‚
2083 2726 2286 2798 homo
2334 2727 2570 2798 doctus
2625 2728 2792 2799 cele-

653 2852 909 2947 berque
946 2851 1022 2923 in
1058 2854 1237 2926 urbe
1263 2851 1497 2922 Roma
1536 2852 2074 2944 grammaticus,
2108 2851 2228 2923 cui
2260 2859 2787 2945 coynonienium

653 2976 915 3050 Insano
953 2978 1227 3073 factum
1267 2984 1405 3061 est,
1446 2986 1737 3070 propter
1775 2977 2406 3049 intractabiliorem
2450 2985 2514 3049 et
2556 3003 2786 3052 moro-

653 3104 913 3176 siorem
950 3109 1323 3186 naturam,
1366 3103 1507 3173 suis
1540 3107 1814 3173 tantum
1845 3102 2030 3173 dimit
2057 3102 2548 3196 intemperiem
2575 3103 2785 3176 istam

714 3372 782 3438 (1)
810 3372 1039 3423 Kantius
1063 3376 1246 3424 contra
1276 3371 1350 3421 ait
1382 3388 1393 3422 ε
1426 3391 1449 3416 (ι
1479 3371 1552 3421 La
1583 3385 1791 3422 mesure
1821 3373 2076 3422 naturelle
2102 3378 2149 3421 et
2185 3372 2417 3435 legitime
2440 3374 2506 3423 de
2535 3374 2586 3423 la
2614 3375 2783 3439 peine,

651 3463 778 3513 c'est
808 3464 857 3512 la
886 3476 1094 3512 mesure
1122 3461 1185 3511 de
1211 3461 1260 3510 la
1290 3461 1615 3524 culpabilite,
1648 3461 1978 3512 c'est-a-dire
2007 3464 2056 3511 le
2085 3462 2266 3516 talion.
2296 3460 2433 3514 C'est
2462 3465 2510 3514 le
2545 3464 2787 3529 principe

651 3552 715 3601 de
748 3552 796 3601 la
831 3552 1088 3601 retorsion
1118 3563 1186 3599 ou
1216 3549 1282 3599 de
1313 3551 1360 3598 la
1393 3550 1769 3613 reciprocite...
1805 3549 1977 3601 Toute
2003 3559 2154 3603 autre
2193 3567 2403 3602 mesure
2431 3561 2513 3603 est
2547 3555 2788 3606 variable

650 3655 721 3691 ou
759 3640 1093 3690 arbitraire...
1138 3638 1206 3688 Le
1252 3638 1414 3687 talion
1459 3638 1600 3688 n'est
1638 3653 1731 3702 pas
1771 3643 2007 3701 toujours
2055 3645 2289 3703 possible
2335 3644 2782 3707 identiquement‚

650 3730 786 3779 mais
821 3728 860 3778 il
893 3727 1009 3777 l'est
1044 3732 1280 3790 toujours
1310 3741 1406 3790 par
1432 3727 1734 3790 analogio...
1766 3726 1901 3777 Mais
1930 3730 1978 3779 le
2006 3744 2098 3780 cas
2127 3732 2199 3782 οἱι
2226 3732 2455 3796 l’egalite
2479 3741 2561 3784 est
2587 3735 2637 3784 le
2666 3735 2786 3799 plus

654 3819 809 3870 facile
842 3822 873 3868 a
909 3817 1172 3870 atteindre
1211 3820 1262 3866 et
1300 3818 1371 3867 oh
1409 3818 1458 3867 le
1498 3817 1659 3867 talion
1698 3822 1781 3868 est
1815 3819 1973 3869 d'une
2007 3822 2203 3883 justice
2234 3824 2540 3887 frappante.
2573 3826 2705 3878 c'est
2737 3828 2787 3878 le

651 3909 900 3959 meurtre.
943 3906 1018 3956 La
1057 3910 1194 3956 mort
1231 3908 1374 3956 seule
1404 3913 1527 3970 peut
1557 3906 1790 3971 l’expier.
1832 3907 1964 3959 Mais
2003 3911 2051 3959 la
2082 3912 2239 3973 peine
2268 3915 2493 3977 capitale
2528 3912 2644 3965 doit
2665 3916 2788 3966 „Atre

650 4000 883 4064 degagee
915 3998 981 4047 de
1020 4002 1141 4047 tous
1174 4000 1253 4048 les
1290 3999 1612 4054 accessoires
1648 4000 1895 4048 barbares
1933 4001 2023 4063 qui
2068 4007 2279 4053 sentent
2315 4003 2368 4054 la
2398 4018 2701 4067 vengeance
2732 4011 2787 4056 et

651 4091 1012 4142 deshonorent
1050 4087 1357 4139 l'humanite
1391 4087 1521 4137 dans
1549 4088 1599 4137 le
1627 4088 1921 4140 condamus
1949 4090 2222 4142 lui-meme
2244 4132 2256 4155 ‚
2288 4094 2378 4157 qui
2407 4097 2545 4144 reste
2572 4095 2788 4145 homme

653 4182 882 4243 quoique
905 4179 1148 4229 criminel
1175 4197 1200 4224 a»
1231 4176 1425 4242 (Princ.
1456 4179 1642 4241 metap.
1674 4178 1745 4228 du
1769 4179 1924 4238 droit,
1955 4183 2020 4228 tr.
2047 4178 2250 4242 Tissot‚
2281 4181 2504 4247 Introd.,
2534 4198 2587 4248 p.
2617 4184 2782 4247 1:111).

714 4268 782 4332 (2)
811 4268 886 4321 De
914 4270 1007 4320 illa
1032 4268 1254 4320 caritate
1273 4268 1344 4322 cf.
1373 4266 1424 4319 J.
1453 4266 1635 4327 Denis,
1671 4275 1707 4318 t.
1742 4266 1814 4324 ΙΙ.
1846 4284 1898 4334 p.
1937 4266 2164 4321 171-175.
