3125 4959
130 2383 176 2433 Ι..
210 2381 348 2442 xva,
377 2392 419 2430 e.
454 2391 559 2430 xxi.

192 2867 241 2918 L.
276 2866 321 2930 Ι,
351 2880 396 2919 e.
428 2878 495 2918 ix.

964 1301 1083 1377 111.
1159 1342 1255 1357 —
1322 1323 1411 1375 ne
1468 1304 1840 1377 verterimus
1907 1322 2383 1376 PmLosoPms.

1026 1612 1093 1679 1⁰
1125 1609 1239 1681 De
1265 1608 1707 1704 Pythayora
1734 1617 1797 1681 et
1822 1608 2336 1703 Pythayorei&

710 1863 1097 1953 Pleraeque
1138 1867 1378 1933 tamen
1420 1868 1737 1934 veterum
1781 1862 2377 1953 philosophorum
2419 1862 2754 1955 discipli-

612 2005 743 2060 nas
810 2004 1025 2078 saepe
1093 1985 1383 2077 quidem
1450 1986 1799 2071 breviter,
1868 1986 2227 2061 interdum
2296 1987 2748 2078 diligentius,

611 2113 869 2205 attigit.

712 2238 767 2309 Α
813 2236 1272 2328 Pythagoreis
1312 2235 1579 2308 ordiar.
1621 2238 1700 2308 In
1740 2237 2041 2320 ltaliam,
2080 2245 2417 2328 regnante
2458 2238 2758 2328 Tarqui·

615 2361 736 2434 nio
779 2359 1090 2452 superbo
1133 2361 1601 2453 Pythagoram
1644 2361 1928 2433 venisse
1968 2359 2060 2456 (1)
2100 2362 2200 2434 ait
2238 2385 2255 2432 ε
2302 2361 2391 2433 de
2429 2368 2757 2452 tempore

616 2501 778 2558 vero
820 2503 961 2577 quo
1004 2484 1073 2557 id
1119 2484 1377 2558 factum
1428 2493 1536 2558 est
1574 2487 1696 2558 alii
1736 2488 1882 2576 jam
1925 2486 2498 2578 disputaverunt,
2541 2487 2754 2577 eujus

617 2610 924 2682 incertas
957 2609 1496 2682 aestimationes
1535 2611 1833 2683 traditas
1873 2629 2031 2683 esse
2063 2611 2530 2696 contendunt,
2564 2628 2754 2701 quos

615 2733 990 2808 consulere
1048 2742 1326 2825 oportet
1372 2734 1499 2829 (2).
1559 2735 1833 2807 Laudat
1888 2735 2158 2807 Gellius
2218 2734 2409 2825 apud
2466 2753 2626 2808 eum
2680 2743 2758 2806 et

615 2875 764 2940 eos,
808 2880 972 2952 quos
1025 2857 1355 2953 familiae
1400 2860 1555 2950 ejus
1605 2859 2102 2930 successionem
2154 2859 2494 2952 appellat,
2543 2859 2750 2931 illum

612 2982 939 3056 ordinem
970 2988 1037 3054 et
1073 2982 1423 3054 rationem
1465 2983 1731 3075 quibus
1781 2984 2265 3075 reciperentur
2303 2990 2373 3056 et
2411 2981 2746 3055 institue·

615 3115 861 3182 rentur
916 3107 1294 3201 discipuli,
1347 3128 1426 3181 ae
1481 3117 1828 3182 memorat
1879 3108 2060 3182 illud
2115 3108 2477 3182 diutinum
2532 3108 2753 3180 silen-

614 3233 791 3306 tium
848 3233 1042 3325 quod
1099 3233 1218 3317 iis,
1278 3240 1659 3326 postquam
1702 3234 1790 3306 de
1830 3234 2147 3325 eorporis
2202 3241 2270 3306 et
2313 3233 2458 3305 oris
2497 3230 2754 3304 habitu

611 3359 1090 3449 conjecturam
1130 3358 1440 3440 iecisset,
1476 3359 2034 3450 praescribebat.
2085 3359 2519 3451 Pythagoras
2555 3357 2749 3429 enim

612 3482 892 3556 videtur
952 3483 1228 3574 primus
1285 3483 1880 3556 animadvertisse
1935 3481 2029 3579 (5)
2097 3491 2454 3573 quatenus
2512 3483 2754 3554 vultus

612 3607 933 3679 animum
973 3615 1040 3681 et
1079 3625 1313 3680 mores
1368 3607 1723 3699 significet
1775 3616 1844 3682 et
1880 3609 2070 3682 hane
2118 3617 2343 3683 artem
2385 3607 2753 3680 invenisse

674 3862 741 3927 (1)
773 3858 906 3924 Cic„
939 3861 1005 3913 De
1028 3862 1172 3928 nep..
1202 3861 1239 3913 1.
1273 3862 1345 3924 11,
1377 3876 1425 3913 c.
1461 3875 1548 3915 xv.

673 3951 743 4017 (2)
772 3949 958 4012 Zeller,
986 3951 1120 4002 Phil.
1145 3952 1231 4003 des
1261 3952 1422 4014 Graes,
1449 3957 1485 4003 t.
1516 3952 1557 4013 Ι,
1592 3967 1641 4016 p.
1670 3950 1782 4004 296.
1811 3978 1870 3989 —-
1899 3952 2080 4015 Grote,
2108 3952 2239 4004 Hist.
2263 3966 2362 4016 or„
2393 3951 2529 4003 trad.
2562 3953 2753 4016 franc„

614 4048 651 4092 t.
684 4039 780 4098 VI.
814 4058 867 4107 p.
898 4041 1019 4104 2683
1046 4043 1119 4091 ef.
1152 4056 1201 4105 p.
1232 4040 1345 4092 259.

678 4131 744 4196 (3)
777 4123 858 4182 Cf.
893 4131 1073 4194 Apul„
1106 4130 1305 4188 Floril„
1334 4129 1401 4191 11,
1446 4131 1516 4179 15.
1549 4155 1611 4167 —
1646 4130 1862 4185 Lucian.
1885 4169 1897 4190 ,
1940 4131 2037 4181 Vit.
2068 4138 2234 4192 auct„
2266 4131 2312 4181 3.
2346 4158 2404 4167 -—
2428 4130 2627 4192 Zeiler,
2658 4130 2753 4181 loe.

613 4222 720 4284 eit„
749 4227 787 4270 t.
818 4222 859 4277 1.
893 4236 942 4285 p.
975 4220 1082 4272 310.
