<?xml version="1.0" encoding="UTF-8"?>
<!DOCTYPE html PUBLIC "-//W3C//DTD XHTML 1.0 Transitional//EN"
    "http://www.w3.org/TR/xhtml1/DTD/xhtml1-transitional.dtd">
<html xmlns="http://www.w3.org/1999/xhtml" xml:lang="en" lang="en">
 <head>
  <title>
</title>
<meta http-equiv="Content-Type" content="text/html;charset=utf-8" />
  <meta name='ocr-system' content='tesseract 3.04.00' />
  <meta name='ocr-capabilities' content='ocr_page ocr_carea ocr_par ocr_line ocrx_word'/>
</head>
<body>
  <div class='ocr_page' id='page_1' title='image "./aulusgelliusqua00dewagoog_0023.png"; bbox 0 0 3125 4959; ppageno 0'>
   <div class='ocr_carea' id='block_1_1' title="bbox 1244 440 1522 542">
    <p class='ocr_par' dir='ltr' id='par_1_1' title="bbox 1244 440 1522 542">
     <span class='ocr_line' id='line_1_1' title="bbox 1244 440 1522 542; baseline -0.011 -13"><span class='ocrx_word' id='word_1_1' title='bbox 1244 440 1522 542; x_wconf 64' lang='lat'>...9-</span> 
     </span>
    </p>
   </div>
   <div class='ocr_carea' id='block_1_2' title="bbox 317 615 2932 3847">
    <p class='ocr_par' dir='ltr' id='par_1_2' title="bbox 317 615 2452 839">
     <span class='ocr_line' id='line_1_2' title="bbox 317 615 2452 714; baseline -0.004 -20"><span class='ocrx_word' id='word_1_2' title='bbox 317 622 698 714; x_wconf 82' lang='lat' dir='ltr'>praecipue</span> <span class='ocrx_word' id='word_1_3' title='bbox 750 620 1129 712; x_wconf 80' lang='lat' dir='ltr'>platonicis</span> <span class='ocrx_word' id='word_1_4' title='bbox 1181 627 1258 692; x_wconf 89' lang='lat' dir='ltr'>ut</span> <span class='ocrx_word' id='word_1_5' title='bbox 1305 617 1737 712; x_wconf 90' lang='lat' dir='ltr'>opponendo</span> <span class='ocrx_word' id='word_1_6' title='bbox 1776 617 1965 689; x_wconf 89' lang='lat' dir='ltr'>inter</span> <span class='ocrx_word' id='word_1_7' title='bbox 2005 635 2082 689; x_wconf 92' lang='lat' dir='ltr'>se</span> <span class='ocrx_word' id='word_1_8' title='bbox 2135 615 2452 688; x_wconf 90' lang='lat' dir='ltr'>diversas</span> 
     </span>
     <span class='ocr_line' id='line_1_3' title="bbox 320 742 1209 839; baseline -0.002 -21"><span class='ocrx_word' id='word_1_9' title='bbox 320 747 602 820; x_wconf 89' lang='lat' dir='ltr'>scholas</span> <span class='ocrx_word' id='word_1_10' title='bbox 643 752 1036 828; x_wconf 80' lang='lat' dir='ltr'>everterent</span> <span class='ocrx_word' id='word_1_11' title='bbox 1079 742 1209 839; x_wconf 86' lang='grc'>(1).</span> 
     </span>
    </p>

    <p class='ocr_par' dir='ltr' id='par_1_3' title="bbox 318 865 2932 3095">
     <span class='ocr_line' id='line_1_4' title="bbox 417 865 2455 945; baseline -0.004 0"><span class='ocrx_word' id='word_1_12' title='bbox 417 876 692 945; x_wconf 82' lang='lat' dir='ltr'><strong>Taurus</strong></span> <span class='ocrx_word' id='word_1_13' title='bbox 743 890 887 944; x_wconf 92' lang='lat' dir='ltr'>non</span> <span class='ocrx_word' id='word_1_14' title='bbox 940 871 1150 944; x_wconf 88' lang='lat' dir='ltr'>modo</span> <span class='ocrx_word' id='word_1_15' title='bbox 1204 872 1518 944; x_wconf 90' lang='lat' dir='ltr'>veterum</span> <span class='ocrx_word' id='word_1_16' title='bbox 1575 869 1980 943; x_wconf 88' lang='lat' dir='ltr'>testimonis</span> <span class='ocrx_word' id='word_1_17' title='bbox 2036 875 2105 941; x_wconf 90' lang='lat' dir='ltr'>et</span> <span class='ocrx_word' id='word_1_18' title='bbox 2154 865 2455 939; x_wconf 89' lang='lat' dir='ltr'>historia</span> 
     </span>
     <span class='ocr_line' id='line_1_5' title="bbox 320 994 2449 1085; baseline -0.003 -16"><span class='ocrx_word' id='word_1_19' title='bbox 320 997 722 1079; x_wconf 82' lang='lat' dir='ltr'>nitebatur,</span> <span class='ocrx_word' id='word_1_20' title='bbox 783 996 909 1069; x_wconf 88' lang='lat' dir='ltr'>sed</span> <span class='ocrx_word' id='word_1_21' title='bbox 960 1015 1044 1068; x_wconf 82' lang='lat' dir='ltr'>ex</span> <span class='ocrx_word' id='word_1_22' title='bbox 1103 996 1424 1068; x_wconf 90' lang='lat' dir='ltr'>minimis</span> <span class='ocrx_word' id='word_1_23' title='bbox 1482 996 1940 1085; x_wconf 85' lang='lat' dir='ltr'>fortuitisque</span> <span class='ocrx_word' id='word_1_24' title='bbox 1980 994 2195 1066; x_wconf 91' lang='lat' dir='ltr'>rebus</span> <span class='ocrx_word' id='word_1_25' title='bbox 2242 1010 2449 1083; x_wconf 88' lang='lat' dir='ltr'>prae-</span> 
     </span>
     <span class='ocr_line' id='line_1_6' title="bbox 321 1117 2456 1213; baseline -0.003 -18"><span class='ocrx_word' id='word_1_26' title='bbox 321 1129 521 1213; x_wconf 88' lang='lat' dir='ltr'>cepta</span> <span class='ocrx_word' id='word_1_27' title='bbox 549 1122 969 1195; x_wconf 86' lang='lat' dir='ltr'>hauriebat:</span> <span class='ocrx_word' id='word_1_28' title='bbox 1008 1122 1563 1213; x_wconf 86' lang='lat' dir='ltr'>interrogatione</span> <span class='ocrx_word' id='word_1_29' title='bbox 1602 1121 1945 1193; x_wconf 89' lang='lat' dir='ltr'>socratica</span> <span class='ocrx_word' id='word_1_30' title='bbox 1983 1126 2107 1190; x_wconf 90' lang='lat' dir='ltr'>aut</span> <span class='ocrx_word' id='word_1_31' title='bbox 2135 1117 2456 1209; x_wconf 88' lang='lat' dir='ltr'>jucunda</span> 
     </span>
     <span class='ocr_line' id='line_1_7' title="bbox 321 1243 2454 1338; baseline -0.002 -20"><span class='ocrx_word' id='word_1_32' title='bbox 321 1247 731 1320; x_wconf 90' lang='lat' dir='ltr'>narratione</span> <span class='ocrx_word' id='word_1_33' title='bbox 764 1267 979 1338; x_wconf 88' lang='lat' dir='ltr'>quam</span> <span class='ocrx_word' id='word_1_34' title='bbox 1023 1266 1136 1319; x_wconf 86' lang='lat' dir='ltr'>res</span> <span class='ocrx_word' id='word_1_35' title='bbox 1177 1246 1684 1338; x_wconf 84' lang='lat' dir='ltr'>suppeditabat</span> <span class='ocrx_word' id='word_1_36' title='bbox 1723 1245 2138 1336; x_wconf 89' lang='lat' dir='ltr'>praesertim</span> <span class='ocrx_word' id='word_1_37' title='bbox 2176 1243 2454 1315; x_wconf 87' lang='lat' dir='ltr'>audito-</span> 
     </span>
     <span class='ocr_line' id='line_1_8' title="bbox 321 1368 2452 1464; baseline -0.003 -20"><span class='ocrx_word' id='word_1_38' title='bbox 321 1392 434 1446; x_wconf 88' lang='lat' dir='ltr'>res</span> <span class='ocrx_word' id='word_1_39' title='bbox 492 1372 792 1446; x_wconf 91' lang='lat' dir='ltr'>docebat</span> <span class='ocrx_word' id='word_1_40' title='bbox 849 1399 864 1443; x_wconf 92' lang='lat'><strong>:</strong></span> <span class='ocrx_word' id='word_1_41' title='bbox 923 1373 1117 1464; x_wconf 86' lang='lat' dir='ltr'>quod</span> <span class='ocrx_word' id='word_1_42' title='bbox 1178 1382 1363 1445; x_wconf 87' lang='lat' dir='ltr'>certe</span> <span class='ocrx_word' id='word_1_43' title='bbox 1418 1373 1593 1445; x_wconf 88' lang='lat' dir='ltr'>haec</span> <span class='ocrx_word' id='word_1_44' title='bbox 1632 1372 2020 1444; x_wconf 87' lang='lat' dir='ltr'>declarant.</span> <span class='ocrx_word' id='word_1_45' title='bbox 2066 1368 2452 1461; x_wconf 90' lang='lat' dir='ltr'>Discipulis</span> 
     </span>
     <span class='ocr_line' id='line_1_9' title="bbox 321 1493 2932 1591; baseline -0.004 -22"><span class='ocrx_word' id='word_1_46' title='bbox 321 1499 474 1569; x_wconf 91' lang='lat' dir='ltr'>suis</span> <span class='ocrx_word' id='word_1_47' title='bbox 508 1516 811 1589; x_wconf 88' lang='lat' dir='ltr'>quorum</span> <span class='ocrx_word' id='word_1_48' title='bbox 852 1493 1434 1571; x_wconf 77' lang='lat' dir='ltr'>numerosa&#39;erat</span> <span class='ocrx_word' id='word_1_49' title='bbox 1477 1499 1731 1569; x_wconf 80' lang='lat' dir='ltr'>cohors</span> <span class='ocrx_word' id='word_1_50' title='bbox 1778 1496 1870 1591; x_wconf 78' lang='lat'>(2)</span> <span class='ocrx_word' id='word_1_51' title='bbox 1907 1551 1923 1580; x_wconf 95' lang='lat'>,</span> <span class='ocrx_word' id='word_1_52' title='bbox 1969 1504 2047 1567; x_wconf 91' lang='lat' dir='ltr'>ut</span> <span class='ocrx_word' id='word_1_53' title='bbox 2085 1494 2185 1565; x_wconf 83' lang='lat' dir='ltr'>ad</span> <span class='ocrx_word' id='word_1_54' title='bbox 2226 1493 2449 1587; x_wconf 77' lang='lat' dir='ltr'>philo·</span> <span class='ocrx_word' id='word_1_55' title='bbox 2508 1511 2932 1572; x_wconf 49' lang='lat' dir='ltr'>1..vn,c.x,1t.1.</span> 
     </span>
     <span class='ocr_line' id='line_1_10' title="bbox 318 1620 2456 1716; baseline 0 -25"><span class='ocrx_word' id='word_1_56' title='bbox 318 1621 639 1716; x_wconf 78' lang='lat' dir='ltr'>sophiam</span> <span class='ocrx_word' id='word_1_57' title='bbox 677 1624 1178 1716; x_wconf 79' lang='lat' dir='ltr'>capessendam</span> <span class='ocrx_word' id='word_1_58' title='bbox 1217 1625 1647 1704; x_wconf 80' lang='lat' dir='ltr'>hortaretur,</span> <span class='ocrx_word' id='word_1_59' title='bbox 1694 1622 2067 1695; x_wconf 82' lang='lat' dir='ltr'>historiam</span> <span class='ocrx_word' id='word_1_60' title='bbox 2120 1620 2456 1693; x_wconf 85' lang='lat' dir='ltr'>narrabat</span> 
     </span>
     <span class='ocr_line' id='line_1_11' title="bbox 322 1745 2451 1836; baseline -0.001 -18"><span class='ocrx_word' id='word_1_61' title='bbox 322 1746 637 1818; x_wconf 89' lang='lat' dir='ltr'>Euclidis</span> <span class='ocrx_word' id='word_1_62' title='bbox 696 1748 861 1836; x_wconf 85' lang='lat' dir='ltr'>qui,</span> <span class='ocrx_word' id='word_1_63' title='bbox 921 1755 1165 1819; x_wconf 89' lang='lat' dir='ltr'>contra</span> <span class='ocrx_word' id='word_1_64' title='bbox 1218 1746 1765 1819; x_wconf 85' lang='lat' dir='ltr'>Atheniensium</span> <span class='ocrx_word' id='word_1_65' title='bbox 1825 1745 2179 1828; x_wconf 89' lang='lat' dir='ltr'>edictum,</span> <span class='ocrx_word' id='word_1_66' title='bbox 2242 1750 2451 1816; x_wconf 89' lang='lat' dir='ltr'>noctu</span> 
     </span>
     <span class='ocr_line' id='line_1_12' title="bbox 323 1849 2450 1964; baseline -0.001 -20"><span class='ocrx_word' id='word_1_67' title='bbox 323 1849 680 1945; x_wconf 84' lang='lat' dir='ltr'>Socratem</span> <span class='ocrx_word' id='word_1_68' title='bbox 705 1875 983 1964; x_wconf 85' lang='lat' dir='ltr'>Megara</span> <span class='ocrx_word' id='word_1_69' title='bbox 1004 1874 1320 1945; x_wconf 84' lang='lat' dir='ltr'>Athenas</span> <span class='ocrx_word' id='word_1_70' title='bbox 1353 1872 1638 1953; x_wconf 87' lang='lat' dir='ltr'>adibat,</span> <span class='ocrx_word' id='word_1_71' title='bbox 1681 1872 1851 1943; x_wconf 91' lang='lat' dir='ltr'>dum</span> <span class='ocrx_word' id='word_1_72' title='bbox 1882 1878 2127 1944; x_wconf 87' lang='lat' dir='ltr'>contra</span> <span class='ocrx_word' id='word_1_73' title='bbox 2172 1899 2200 1935; x_wconf 70' lang='grc' dir='ltr'><strong>α</strong></span> <span class='ocrx_word' id='word_1_74' title='bbox 2229 1890 2450 1951; x_wconf 90' lang='lat' dir='ltr'>nunc,</span> 
     </span>
     <span class='ocr_line' id='line_1_13' title="bbox 322 1996 2457 2090; baseline 0 -23"><span class='ocrx_word' id='word_1_75' title='bbox 322 1997 723 2088; x_wconf 89' lang='lat' dir='ltr'>inquiebat,</span> <span class='ocrx_word' id='word_1_76' title='bbox 755 1998 995 2071; x_wconf 91' lang='lat' dir='ltr'>videre</span> <span class='ocrx_word' id='word_1_77' title='bbox 1034 2006 1142 2071; x_wconf 90' lang='lat' dir='ltr'>est</span> <span class='ocrx_word' id='word_1_78' title='bbox 1172 1999 1646 2090; x_wconf 88' lang='lat' dir='ltr'>philosophos</span> <span class='ocrx_word' id='word_1_79' title='bbox 1687 2000 1874 2069; x_wconf 91' lang='lat' dir='ltr'>ultro</span> <span class='ocrx_word' id='word_1_80' title='bbox 1916 2015 2196 2069; x_wconf 88' lang='lat' dir='ltr'>currere</span> <span class='ocrx_word' id='word_1_81' title='bbox 2226 2004 2305 2069; x_wconf 88' lang='lat' dir='ltr'>ut</span> <span class='ocrx_word' id='word_1_82' title='bbox 2334 1996 2457 2068; x_wconf 93' lang='lat' dir='ltr'>do·</span> 
     </span>
     <span class='ocr_line' id='line_1_14' title="bbox 323 2122 2460 2215; baseline -0.001 -19"><span class='ocrx_word' id='word_1_83' title='bbox 323 2132 525 2196; x_wconf 89' lang='lat' dir='ltr'>ceant</span> <span class='ocrx_word' id='word_1_84' title='bbox 579 2124 668 2195; x_wconf 92' lang='lat' dir='ltr'>ad</span> <span class='ocrx_word' id='word_1_85' title='bbox 727 2124 912 2196; x_wconf 81' lang='lat' dir='ltr'>tores</span> <span class='ocrx_word' id='word_1_86' title='bbox 961 2126 1304 2215; x_wconf 88' lang='lat' dir='ltr'>juvenum</span> <span class='ocrx_word' id='word_1_87' title='bbox 1365 2123 1665 2196; x_wconf 86' lang='lat' dir='ltr'>divitum</span> <span class='ocrx_word' id='word_1_88' title='bbox 1730 2142 1998 2214; x_wconf 91' lang='lat' dir='ltr'>eosque</span> <span class='ocrx_word' id='word_1_89' title='bbox 2051 2123 2152 2194; x_wconf 90' lang='lat' dir='ltr'>ibi</span> <span class='ocrx_word' id='word_1_90' title='bbox 2212 2122 2460 2195; x_wconf 89' lang='lat' dir='ltr'>sedere</span> 
     </span>
     <span class='ocr_line' id='line_1_15' title="bbox 321 2246 2458 2341; baseline -0.002 -20"><span class='ocrx_word' id='word_1_91' title='bbox 321 2257 539 2340; x_wconf 88' lang='lat' dir='ltr'>atque</span> <span class='ocrx_word' id='word_1_92' title='bbox 596 2246 912 2340; x_wconf 91' lang='lat' dir='ltr'>opperiri</span> <span class='ocrx_word' id='word_1_93' title='bbox 969 2267 1190 2341; x_wconf 90' lang='lat' dir='ltr'>prope</span> <span class='ocrx_word' id='word_1_94' title='bbox 1249 2249 1341 2321; x_wconf 90' lang='lat' dir='ltr'>ad</span> <span class='ocrx_word' id='word_1_95' title='bbox 1409 2248 1777 2321; x_wconf 90' lang='lat' dir='ltr'>meridiem</span> <span class='ocrx_word' id='word_1_96' title='bbox 1842 2247 2071 2320; x_wconf 92' lang='lat' dir='ltr'>donec</span> <span class='ocrx_word' id='word_1_97' title='bbox 2124 2246 2458 2337; x_wconf 87' lang='lat' dir='ltr'>discipuli</span> 
     </span>
     <span class='ocr_line' id='line_1_16' title="bbox 321 2371 2459 2468; baseline -0 -23"><span class='ocrx_word' id='word_1_98' title='bbox 321 2380 750 2446; x_wconf 88' lang='lat' dir='ltr'>nocturnum</span> <span class='ocrx_word' id='word_1_99' title='bbox 821 2392 1033 2446; x_wconf 86' lang='lat' dir='ltr'>omne</span> <span class='ocrx_word' id='word_1_100' title='bbox 1096 2373 1340 2445; x_wconf 90' lang='lat' dir='ltr'>vinum</span> <span class='ocrx_word' id='word_1_101' title='bbox 1405 2374 1811 2446; x_wconf 89' lang='lat' dir='ltr'>edormiant</span> <span class='ocrx_word' id='word_1_102' title='bbox 1876 2371 2005 2468; x_wconf 82' lang='grc'>(5).</span> <span class='ocrx_word' id='word_1_103' title='bbox 2079 2400 2109 2437; x_wconf 68' lang='lat' dir='ltr'>n</span> <span class='ocrx_word' id='word_1_104' title='bbox 2183 2372 2459 2459; x_wconf 90' lang='lat' dir='ltr'>Quibus</span> 
     </span>
     <span class='ocr_line' id='line_1_17' title="bbox 321 2498 2458 2591; baseline -0.001 -21"><span class='ocrx_word' id='word_1_105' title='bbox 321 2498 558 2570; x_wconf 86' lang='lat' dir='ltr'>verbis</span> <span class='ocrx_word' id='word_1_106' title='bbox 613 2498 735 2571; x_wconf 91' lang='lat' dir='ltr'>ille</span> <span class='ocrx_word' id='word_1_107' title='bbox 783 2499 1288 2590; x_wconf 88' lang='lat' dir='ltr'>philosophiae</span> <span class='ocrx_word' id='word_1_108' title='bbox 1339 2499 1708 2590; x_wconf 88' lang='lat' dir='ltr'>dignitatis</span> <span class='ocrx_word' id='word_1_109' title='bbox 1759 2507 2243 2591; x_wconf 84' lang='lat' dir='ltr'>propugnator</span> <span class='ocrx_word' id='word_1_110' title='bbox 2301 2517 2458 2570; x_wconf 90' lang='lat' dir='ltr'>cum</span> 
     </span>
     <span class='ocr_line' id='line_1_18' title="bbox 322 2625 2461 2716; baseline -0.001 -19"><span class='ocrx_word' id='word_1_111' title='bbox 322 2642 444 2697; x_wconf 89' lang='lat' dir='ltr'>eos</span> <span class='ocrx_word' id='word_1_112' title='bbox 498 2625 622 2714; x_wconf 88' lang='lat' dir='ltr'>qui</span> <span class='ocrx_word' id='word_1_113' title='bbox 679 2642 762 2696; x_wconf 93' lang='lat' dir='ltr'>eo</span> <span class='ocrx_word' id='word_1_114' title='bbox 819 2632 1139 2715; x_wconf 90' lang='lat' dir='ltr'>tempore</span> <span class='ocrx_word' id='word_1_115' title='bbox 1195 2625 1699 2716; x_wconf 89' lang='lat' dir='ltr'>philosophiae</span> <span class='ocrx_word' id='word_1_116' title='bbox 1751 2643 2015 2697; x_wconf 88' lang='lat' dir='ltr'>munus</span> <span class='ocrx_word' id='word_1_117' title='bbox 2074 2631 2145 2696; x_wconf 88' lang='lat' dir='ltr'>et</span> <span class='ocrx_word' id='word_1_118' title='bbox 2198 2642 2461 2697; x_wconf 91' lang='lat' dir='ltr'>nomen</span> 
     </span>
     <span class='ocr_line' id='line_1_19' title="bbox 322 2749 2455 2841; baseline 0 -21"><span class='ocrx_word' id='word_1_119' title='bbox 322 2749 791 2841; x_wconf 89' lang='lat' dir='ltr'>polluebant,</span> <span class='ocrx_word' id='word_1_120' title='bbox 854 2756 1007 2821; x_wconf 91' lang='lat' dir='ltr'>tum</span> <span class='ocrx_word' id='word_1_121' title='bbox 1070 2749 1632 2822; x_wconf 89' lang='lat' dir='ltr'>adolescentium</span> <span class='ocrx_word' id='word_1_122' title='bbox 1691 2769 1925 2822; x_wconf 90' lang='lat' dir='ltr'>mores</span> <span class='ocrx_word' id='word_1_123' title='bbox 1984 2750 2455 2840; x_wconf 87' lang='lat' dir='ltr'>vituperabat.</span> 
     </span>
     <span class='ocr_line' id='line_1_20' title="bbox 325 2874 2455 2967; baseline 0 -21"><span class='ocrx_word' id='word_1_124' title='bbox 325 2875 410 2946; x_wconf 90' lang='lat' dir='ltr'>Hi</span> <span class='ocrx_word' id='word_1_125' title='bbox 457 2874 649 2946; x_wconf 91' lang='lat' dir='ltr'>enim</span> <span class='ocrx_word' id='word_1_126' title='bbox 703 2894 745 2945; x_wconf 89' lang='lat' dir='ltr'>a</span> <span class='ocrx_word' id='word_1_127' title='bbox 799 2875 1061 2947; x_wconf 88' lang='lat' dir='ltr'>studiis</span> <span class='ocrx_word' id='word_1_128' title='bbox 1112 2876 1425 2967; x_wconf 83' lang='lat' dir='ltr'>argutias</span> <span class='ocrx_word' id='word_1_129' title='bbox 1480 2882 1549 2947; x_wconf 88' lang='lat' dir='ltr'>et</span> <span class='ocrx_word' id='word_1_130' title='bbox 1601 2877 1855 2947; x_wconf 88' lang='lat' dir='ltr'>inanes</span> <span class='ocrx_word' id='word_1_131' title='bbox 1912 2894 2157 2947; x_wconf 87' lang='lat' dir='ltr'>vocum</span> <span class='ocrx_word' id='word_1_132' title='bbox 2201 2894 2455 2957; x_wconf 86' lang='lat' dir='ltr'>sonos,</span> 
     </span>
     <span class='ocr_line' id='line_1_21' title="bbox 323 2998 2047 3095; baseline 0.002 -25"><span class='ocrx_word' id='word_1_133' title='bbox 323 2999 429 3070; x_wconf 92' lang='lat' dir='ltr'>illi</span> <span class='ocrx_word' id='word_1_134' title='bbox 470 3006 846 3090; x_wconf 86' lang='lat' dir='ltr'>quaestum</span> <span class='ocrx_word' id='word_1_135' title='bbox 881 3019 963 3072; x_wconf 93' lang='lat' dir='ltr'>ac</span> <span class='ocrx_word' id='word_1_136' title='bbox 1003 3000 1398 3073; x_wconf 89' lang='lat' dir='ltr'>mercedem</span> <span class='ocrx_word' id='word_1_137' title='bbox 1441 3001 1872 3091; x_wconf 87' lang='lat' dir='ltr'>expetebant</span> <span class='ocrx_word' id='word_1_138' title='bbox 1918 2998 2047 3095; x_wconf 73' lang='lat'>(4).</span> 
     </span>
    </p>

    <p class='ocr_par' dir='ltr' id='par_1_4' title="bbox 321 3100 2916 3847">
     <span class='ocr_line' id='line_1_22' title="bbox 422 3100 2456 3219; baseline 0.001 -23"><span class='ocrx_word' id='word_1_139' title='bbox 422 3125 599 3196; x_wconf 88' lang='lat' dir='ltr'>Cum</span> <span class='ocrx_word' id='word_1_140' title='bbox 640 3125 809 3196; x_wconf 91' lang='lat' dir='ltr'>olim</span> <span class='ocrx_word' id='word_1_141' title='bbox 861 3133 1257 3217; x_wconf 89' lang='lat' dir='ltr'>aegrotaret</span> <span class='ocrx_word' id='word_1_142' title='bbox 1296 3100 1566 3199; x_wconf 83' lang='lat' dir='ltr'>Gellius</span> <span class='ocrx_word' id='word_1_143' title='bbox 1596 3180 1613 3210; x_wconf 90' lang='lat'>,</span> <span class='ocrx_word' id='word_1_144' title='bbox 1660 3126 2015 3208; x_wconf 91' lang='lat' dir='ltr'>medicus,</span> <span class='ocrx_word' id='word_1_145' title='bbox 2056 3127 2456 3219; x_wconf 86' lang='lat' dir='ltr'>praesenti-</span> 
     </span>
     <span class='ocr_line' id='line_1_23' title="bbox 323 3250 2461 3343; baseline 0.001 -23"><span class='ocrx_word' id='word_1_146' title='bbox 323 3250 460 3321; x_wconf 91' lang='lat' dir='ltr'>bus</span> <span class='ocrx_word' id='word_1_147' title='bbox 496 3252 725 3322; x_wconf 86' lang='lat' dir='ltr'>Tauro</span> <span class='ocrx_word' id='word_1_148' title='bbox 766 3257 834 3323; x_wconf 91' lang='lat' dir='ltr'>et</span> <span class='ocrx_word' id='word_1_149' title='bbox 871 3252 1120 3323; x_wconf 89' lang='lat' dir='ltr'>amicis</span> <span class='ocrx_word' id='word_1_150' title='bbox 1147 3306 1163 3335; x_wconf 93' lang='lat'>,</span> <span class='ocrx_word' id='word_1_151' title='bbox 1219 3252 1422 3343; x_wconf 91' lang='lat' dir='ltr'>lapsu</span> <span class='ocrx_word' id='word_1_152' title='bbox 1479 3270 1728 3324; x_wconf 89' lang='lat' dir='ltr'>venam</span> <span class='ocrx_word' id='word_1_153' title='bbox 1773 3270 1900 3342; x_wconf 92' lang='lat' dir='ltr'>pro</span> <span class='ocrx_word' id='word_1_154' title='bbox 1948 3253 2210 3323; x_wconf 87' lang='lat' dir='ltr'>arteria</span> <span class='ocrx_word' id='word_1_155' title='bbox 2254 3270 2461 3323; x_wconf 90' lang='lat' dir='ltr'>usur-</span> 
     </span>
     <span class='ocr_line' id='line_1_24' title="bbox 323 3376 2454 3467; baseline 0.003 -22"><span class='ocrx_word' id='word_1_156' title='bbox 323 3383 636 3467; x_wconf 88' lang='lat' dir='ltr'>paverat.</span> <span class='ocrx_word' id='word_1_157' title='bbox 701 3378 894 3461; x_wconf 89' lang='lat' dir='ltr'>Quae</span> <span class='ocrx_word' id='word_1_158' title='bbox 941 3376 1299 3467; x_wconf 89' lang='lat' dir='ltr'>imperitia</span> <span class='ocrx_word' id='word_1_159' title='bbox 1337 3396 1494 3449; x_wconf 90' lang='lat' dir='ltr'>cum</span> <span class='ocrx_word' id='word_1_160' title='bbox 1540 3378 1731 3451; x_wconf 91' lang='lat' dir='ltr'>risus</span> <span class='ocrx_word' id='word_1_161' title='bbox 1768 3378 2088 3449; x_wconf 90' lang='lat' dir='ltr'>omnium</span> <span class='ocrx_word' id='word_1_162' title='bbox 2153 3378 2454 3460; x_wconf 86' lang='lat' dir='ltr'>exciret,</span> 
     </span>
     <span class='ocr_line' id='line_1_25' title="bbox 324 3497 2916 3600; baseline 0.003 -34"><span class='ocrx_word' id='word_1_163' title='bbox 324 3497 597 3581; x_wconf 76' lang='lat' dir='ltr'>leniter,</span> <span class='ocrx_word' id='word_1_164' title='bbox 640 3509 716 3573; x_wconf 91' lang='lat' dir='ltr'>ut</span> <span class='ocrx_word' id='word_1_165' title='bbox 755 3502 1070 3583; x_wconf 88' lang='lat' dir='ltr'>solebat,</span> <span class='ocrx_word' id='word_1_166' title='bbox 1112 3505 1385 3600; x_wconf 85' lang='lat' dir='ltr'>Taurus</span> <span class='ocrx_word' id='word_1_167' title='bbox 1426 3503 1780 3575; x_wconf 89' lang='lat' dir='ltr'>medicum</span> <span class='ocrx_word' id='word_1_168' title='bbox 1824 3503 2285 3595; x_wconf 87' lang='lat' dir='ltr'>reprehendit</span> <span class='ocrx_word' id='word_1_169' title='bbox 2332 3522 2455 3575; x_wconf 82' lang='lat' dir='ltr'>ex·</span> <span class='ocrx_word' id='word_1_170' title='bbox 2536 3528 2583 3578; x_wconf 77' lang='lat' dir='ltr'>c.</span> <span class='ocrx_word' id='word_1_171' title='bbox 2612 3528 2916 3588; x_wconf 63' lang='lat' dir='ltr'>xvm,c.1.</span> 
     </span>
     <span class='ocr_line' id='line_1_26' title="bbox 324 3627 2455 3719; baseline 0 -20"><span class='ocrx_word' id='word_1_172' title='bbox 324 3646 585 3699; x_wconf 90' lang='lat' dir='ltr'>cusans</span> <span class='ocrx_word' id='word_1_173' title='bbox 626 3627 819 3719; x_wconf 87' lang='lat' dir='ltr'>quod</span> <span class='ocrx_word' id='word_1_174' title='bbox 853 3628 1120 3719; x_wconf 83' lang='lat' dir='ltr'>vulgari</span> <span class='ocrx_word' id='word_1_175' title='bbox 1155 3646 1351 3699; x_wconf 91' lang='lat' dir='ltr'>more</span> <span class='ocrx_word' id='word_1_176' title='bbox 1390 3627 1525 3700; x_wconf 92' lang='lat' dir='ltr'>hoc</span> <span class='ocrx_word' id='word_1_177' title='bbox 1564 3628 1779 3701; x_wconf 90' lang='lat' dir='ltr'>verbo</span> <span class='ocrx_word' id='word_1_178' title='bbox 1817 3647 1992 3701; x_wconf 90' lang='lat' dir='ltr'>usus</span> <span class='ocrx_word' id='word_1_179' title='bbox 2032 3637 2246 3713; x_wconf 89' lang='lat' dir='ltr'>esset,</span> <span class='ocrx_word' id='word_1_180' title='bbox 2287 3630 2455 3700; x_wconf 88' lang='lat' dir='ltr'>hor-</span> 
     </span>
     <span class='ocr_line' id='line_1_27' title="bbox 321 3752 2463 3847; baseline -0.002 -21"><span class='ocrx_word' id='word_1_181' title='bbox 321 3761 658 3846; x_wconf 82' lang='lat' dir='ltr'>tatusque</span> <span class='ocrx_word' id='word_1_182' title='bbox 691 3760 799 3827; x_wconf 82' lang='lat' dir='ltr'>est</span> <span class='ocrx_word' id='word_1_183' title='bbox 838 3761 916 3827; x_wconf 87' lang='lat' dir='ltr'>ut</span> <span class='ocrx_word' id='word_1_184' title='bbox 942 3753 1450 3845; x_wconf 70' lang='lat' dir='ltr'>eleyantiorem</span> <span class='ocrx_word' id='word_1_185' title='bbox 1483 3775 1623 3823; x_wconf 83' lang='lat' dir='ltr'>esse</span> <span class='ocrx_word' id='word_1_186' title='bbox 1660 3775 1731 3824; x_wconf 81' lang='lat' dir='ltr'>se</span> <span class='ocrx_word' id='word_1_187' title='bbox 1760 3752 1838 3822; x_wconf 80' lang='lat' dir='ltr'>in</span> <span class='ocrx_word' id='word_1_188' title='bbox 1876 3752 2219 3826; x_wconf 79' lang='lat' dir='ltr'>medendo</span> <span class='ocrx_word' id='word_1_189' title='bbox 2246 3776 2463 3847; x_wconf 80' lang='lat' dir='ltr'>quam</span> 
     </span>
    </p>
   </div>
   <div class='ocr_carea' id='block_1_3' title="bbox 383 4019 2462 4357">
    <p class='ocr_par' dir='ltr' id='par_1_5' title="bbox 384 4019 2188 4085">
     <span class='ocr_line' id='line_1_28' title="bbox 384 4019 2188 4085; baseline 0.001 -16"><span class='ocrx_word' id='word_1_190' title='bbox 384 4020 451 4084; x_wconf 85' lang='lat' dir='ltr'>(l)</span> <span class='ocrx_word' id='word_1_191' title='bbox 483 4020 563 4073; x_wconf 83' lang='lat' dir='ltr'>Cf.</span> <span class='ocrx_word' id='word_1_192' title='bbox 596 4020 785 4081; x_wconf 71' lang='lat' dir='ltr'>muer,</span> <span class='ocrx_word' id='word_1_193' title='bbox 818 4020 947 4071; x_wconf 78' lang='lat' dir='ltr'>Hist.</span> <span class='ocrx_word' id='word_1_194' title='bbox 979 4021 1116 4071; x_wconf 85' lang='lat' dir='ltr'>dela</span> <span class='ocrx_word' id='word_1_195' title='bbox 1142 4020 1336 4085; x_wconf 83' lang='lat' dir='ltr'>philos.</span> <span class='ocrx_word' id='word_1_196' title='bbox 1362 4021 1631 4078; x_wconf 78' lang='lat' dir='ltr'>ancienne,</span> <span class='ocrx_word' id='word_1_197' title='bbox 1664 4024 1701 4073; x_wconf 92' lang='lat' dir='ltr'>t.</span> <span class='ocrx_word' id='word_1_198' title='bbox 1733 4019 1829 4082; x_wconf 88' lang='lat' dir='ltr'>IV,</span> <span class='ocrx_word' id='word_1_199' title='bbox 1863 4037 1913 4085; x_wconf 90' lang='lat' dir='ltr'>p.</span> <span class='ocrx_word' id='word_1_200' title='bbox 1946 4019 2188 4072; x_wconf 77' lang='lat'>202-221.</span> 
     </span>
    </p>

    <p class='ocr_par' dir='ltr' id='par_1_6' title="bbox 383 4109 1383 4176">
     <span class='ocr_line' id='line_1_29' title="bbox 383 4109 1383 4176; baseline -0.003 -14"><span class='ocrx_word' id='word_1_201' title='bbox 383 4112 449 4176; x_wconf 79' lang='lat'>(2)</span> <span class='ocrx_word' id='word_1_202' title='bbox 479 4110 561 4163; x_wconf 81' lang='lat' dir='ltr'>Cf.</span> <span class='ocrx_word' id='word_1_203' title='bbox 596 4110 999 4169; x_wconf 83' lang='lat' dir='ltr'>Friedlaender,</span> <span class='ocrx_word' id='word_1_204' title='bbox 1032 4111 1070 4160; x_wconf 85' lang='lat' dir='ltr'>l.</span> <span class='ocrx_word' id='word_1_205' title='bbox 1102 4110 1158 4168; x_wconf 81' lang='lat' dir='ltr'>l..</span> <span class='ocrx_word' id='word_1_206' title='bbox 1193 4126 1242 4175; x_wconf 90' lang='lat' dir='ltr'>p.</span> <span class='ocrx_word' id='word_1_207' title='bbox 1277 4109 1383 4160; x_wconf 86' lang='lat'>394.</span> 
     </span>
    </p>

    <p class='ocr_par' dir='ltr' id='par_1_7' title="bbox 385 4201 1269 4265">
     <span class='ocr_line' id='line_1_30' title="bbox 385 4201 1269 4265; baseline -0.002 -13"><span class='ocrx_word' id='word_1_208' title='bbox 385 4202 451 4265; x_wconf 84' lang='grc'>(3)</span> <span class='ocrx_word' id='word_1_209' title='bbox 484 4201 624 4252; x_wconf 85' lang='lat' dir='ltr'>Vide</span> <span class='ocrx_word' id='word_1_210' title='bbox 654 4201 1042 4261; x_wconf 84' lang='lat' dir='ltr'>Friedlaender,</span> <span class='ocrx_word' id='word_1_211' title='bbox 1074 4217 1129 4265; x_wconf 90' lang='lat' dir='ltr'>p.</span> <span class='ocrx_word' id='word_1_212' title='bbox 1161 4202 1269 4251; x_wconf 72' lang='lat'>423.</span> 
     </span>
    </p>

    <p class='ocr_par' dir='ltr' id='par_1_8' title="bbox 389 4289 2462 4357">
     <span class='ocr_line' id='line_1_31' title="bbox 389 4289 2462 4357; baseline 0 -18"><span class='ocrx_word' id='word_1_213' title='bbox 389 4291 453 4354; x_wconf 85' lang='lat'>(4)</span> <span class='ocrx_word' id='word_1_214' title='bbox 479 4289 565 4341; x_wconf 78' lang='lat' dir='ltr'>Cf.</span> <span class='ocrx_word' id='word_1_215' title='bbox 593 4290 810 4354; x_wconf 88' lang='lat' dir='ltr'>Fried1.,</span> <span class='ocrx_word' id='word_1_216' title='bbox 843 4307 894 4355; x_wconf 91' lang='lat' dir='ltr'>p.</span> <span class='ocrx_word' id='word_1_217' title='bbox 923 4291 1015 4343; x_wconf 88' lang='grc'>380</span> <span class='ocrx_word' id='word_1_218' title='bbox 1044 4296 1096 4343; x_wconf 89' lang='lat' dir='ltr'>et</span> <span class='ocrx_word' id='word_1_219' title='bbox 1119 4307 1248 4356; x_wconf 62' lang='lat' dir='ltr'>seq„</span> <span class='ocrx_word' id='word_1_220' title='bbox 1283 4296 1337 4343; x_wconf 87' lang='lat' dir='ltr'>et</span> <span class='ocrx_word' id='word_1_221' title='bbox 1368 4292 1610 4357; x_wconf 65' lang='lat' dir='ltr'>Luciam,</span> <span class='ocrx_word' id='word_1_222' title='bbox 1640 4292 1888 4355; x_wconf 74' lang='lat' dir='ltr'>Piscator,</span> <span class='ocrx_word' id='word_1_223' title='bbox 1916 4291 2142 4353; x_wconf 74' lang='lat' dir='ltr'>Fayitivi</span> <span class='ocrx_word' id='word_1_224' title='bbox 2170 4295 2220 4341; x_wconf 85' lang='lat' dir='ltr'>et</span> <span class='ocrx_word' id='word_1_225' title='bbox 2246 4290 2462 4354; x_wconf 82' lang='lat' dir='ltr'>passim.</span> 
     </span>
    </p>
   </div>
  </div>
 </body>
</html>
