3125 4959
266 1431 321 1484 1..
352 1431 390 1494 Ι,
422 1443 466 1482 ι.
498 1439 549 1482 x.

232 2672 285 2724 1..
316 2671 375 2734 ΙΙ,
402 2683 446 2726 c.
476 2683 597 2721 xxii.

224 2922 275 2974 1..
304 2921 364 2980 ΙΙ.
393 2933 439 2974 c.
468 2933 609 2972 xxvi.

516 4831 529 4886 t.-

516 4857 555 4910 1..-

554 4899 567 4910 n

1582 499 1661 511 ....
1710 467 1778 527 15
1823 431 1901 512 ..ζ

1396 691 1470 759 4⁰
1520 659 1634 758 De
1683 686 2084 759 Favorino.

774 910 1263 987 Elocutionem
1334 930 1625 1004 quoque
1691 930 1838 984 non
1903 910 2146 983 minus
2212 925 2450 1003 quam·
2490 912 2812 1003 philoso-

676 1037 921 1132 phiam
959 1036 1190 1130 attigit
1228 1036 1622 1109 Favorinus
1663 1035 1786 1127 qui
1821 1035 2084 1108 Valerii
2118 1036 2331 1108 Probi
2369 1033 2463 1130 (1)
2501 1044 2572 1110 et
2608 1038 2811 1129 Epic-

680 1161 804 1237 teti
852 1157 947 1256 (2)
994 1159 1278 1235 auditor
1311 1160 1536 1234 fuisse
1576 1160 1860 1234 dicitur.
1903 1160 2027 1233 Ille
2062 1162 2283 1241 enim,
2323 1180 2481 1234 cum
2509 1163 2813 1252 juvenes
2857 1220 2866 1223 -

680 1288 1088 1362 hortaretur
1117 1293 1195 1359 ut
1226 1284 1502 1378 priscos
1539 1304 1776 1358 mores
1808 1284 2286 1368 imitarentur,
2324 1307 2370 1356 a
2398 1286 2673 1357 vocibus
2705 1287 2814 1356 ni-

678 1412 816 1484 mis
846 1409 1098 1506 priscis
1133 1415 1205 1481 et
1242 1408 1701 1501 ignotissimis
1738 1428 1918 1502 quas
1942 1465 1959 1492 ‚
2005 1416 2083 1482 ut
2122 1408 2277 1482 fieri
2325 1408 2420 1505 (5)
2474 1413 2655 1484 solet
2693 1413 2808 1483 in-

682 1537 967 1612 clinatis
999 1537 1145 1627 jam
1184 1535 1441 1609 litteris
1481 1541 1552 1608 et
1592 1535 1941 1617 moribus,
1977 1532 2404 1610 affectabant
2444 1537 2809 1619 nonnulli,

683 1681 807 1738 eos
859 1662 1145 1736 arcebat
1194 1660 1746 1755 praesentiaque
1798 1660 2012 1733 verba
2067 1660 2654 1746 commendabat,
2698 1681 2815 1733 va-

684 1806 850 1861 nam
891 1785 1322 1861 eruditionis
1363 1786 1672 1878 speciem
1718 1785 2156 1876 vituperans,
2201 1784 2696 1877 suadebatque
2737 1792 2817 1859 ut

686 1917 998 1987 tacerent
1036 1910 1159 2004 qui
1201 1910 1336 1984 hoc
1383 1908 1727 2001 consequi
1778 1910 2042 1983 vellent
2082 1916 2160 1982 ut
2197 1929 2238 1982 a
2277 1911 2478 1983 nullo
2519 1911 2816 1983 homine

686 2035 1298 2130 intelligerentur;
1344 2035 1765 2126 solebatque
1821 2034 2081 2107 referre
2134 2035 2314 2108 illud
2364 2016 2688 2109 Caesaris
2727 2036 2820 2109 de

682 2180 767 2236 ea
816 2180 892 2236 re
935 2161 1204 2236 dictum
1252 2185 1268 2233 ε
1328 2188 1359 2227 ι
1411 2160 1610 2233 Habe
1662 2177 1946 2252 semper
1986 2160 2059 2231 in
2103 2161 2449 2233 memoria
2483 2170 2699 2252 atque
2739 2162 2820 2233 in

686 2294 968 2381 pectore
1006 2292 1112 2372 ut,
1157 2293 1497 2378 tanquam
1541 2286 1945 2378 scopulum,
1992 2286 2095 2358 sic
2133 2286 2362 2378 fugias
2402 2275 2813 2359 inauditum'

686 2417 904 2504 atque
941 2409 1266 2484 insolens
1304 2410 1626 2483 verbum.
1674 2437 1704 2476 »
1766 2437 1797 2475 ‹
1836 2410 2043 2491 Vive,
2094 2410 2332 2483 aiebat
2374 2412 2767 2483 Favorinus
2794 2466 2815 2492 ,

691 2535 1012 2610 moribus
1046 2535 1478 2628 praeteritis.
1520 2536 1814 2627 loquere
1856 2534 2089 2608 verbis
2127 2536 2652 2626 praesentibus.
2695 2563 2726 2599 ι

788 2658 1114 2733 Favorini
1157 2659 1718 2751 disputationem
1761 2658 1849 2732 de
1885 2660 2114 2732 ventis
2154 2677 2547 2751 eorumque
2578 2659 2819 2733 nomi-

692 2787 906 2860 nibus
943 2784 1146 2880 apud
1191 2805 1506 2856 mensam
1546 2785 1942 2858 secundum
1984 2786 2140 2875 eJ‘us
2182 2805 2447 2858 morem
2498 2785 2821 2857 habitam

689 2911 901 2986 refert
934 2909 1240 2993 Gellius;
1279 2910 1494 2984 aliam
1538 2909 1628 2983 de
1662 2910 2022 2983 coloribus
2058 2917 2127 2982 et
2166 2911 2501 2983 varietate
2540 2928 2818 2992 eorum,

689 3038 763 3111 in
805 3055 976 3130 qua,
1011 3055 1171 3109 cum
1215 3035 1678 3110 contenderet
1713 3035 2042 3109 ditiorem
2086 3037 2311 3108 latina
2350 3035 2592 3127 lingua
2623 3054 2825 3127 grae-

688 3181 839 3236 cam
882 3179 1067 3247 esse,
1112 3180 1154 3234 a
1202 3163 1561 3235 Frontone
1611 3160 1981 3235 refellitur.
2030 3151 2234 3246 Q'uod
2288 3160 2599 3233 declarat
2636 3179 2819 3250 qua-

690 3292 898 3360 tenus
954 3285 1376 3379 proprietati
1417 3286 1795 3359 verborum
1853 3284 2229 3358 studerent
2271 3285 2426 3377 ejus
2478 3286 2823 3376 temporis

689 3408 1132 3502 philosophi.

752 3635 824 3701 (Ι)
852 3633 932 3686 Cr.
963 3635 1180 3698 Teuffel,
1212 3642 1253 3688 t.
1285 3635 1357 3697 11,
1383 3651 1436 3700 p.
1463 3635 1575 3687 218.
1607 3635 1804 3695 Ruske,
1837 3651 1891 3701 p.
1921 3637 1999 3688 5³.

754 3725 823 3792 (2)
858 3724 1054 3786 Ruske‚
1084 3740 1136 3789 p.
1167 3724 1248 3775 60.

756 3815 823 3878 (3)
856 3811 937 3867 Cf.
969 3812 1172 3864 Martha
1201 3834 1212 3863 z
1239 3832 1266 3862 α
1299 3812 1416 3866 Une
1442 3818 1594 3865 autre
1618 3814 1878 3874 fantasia,
1907 3814 1997 3878 qui
2026 3813 2173 3866 vient
2195 3814 2516 3865 d’ordinaire
2537 3828 2649 3874 aux
2678 3815 2826 3864 litte·

691 3907 896 3956 ratur-es
923 3917 995 3953 un
1026 3917 1127 3966 peu
1152 3904 1410 3968 epuiseeS,
1432 3908 1515 3954 est
1543 3904 1608 3953 de
1636 3902 1938 3967 s'eprendre
1960 3902 2028 3953 de
2054 3917 2117 3954 ce
2143 3904 2233 3967 qui
2262 3908 2344 3954 est
2369 3904 2653 3978 arehaique
2684 3908 2735 3953 et
2759 3903 2829 3954 de

692 4005 750 4043 se
778 3993 942 4056 plaire
970 4006 1076 4041 aux
1107 3993 1229 4057 plus
1255 3992 1417 4043 vieux
1444 3997 1497 4044 et
1524 3995 1646 4058 plus
1673 3994 1922 4043 barbares
1949 3994 2228 4043 souvenirs
2265 3993 2331 4046 de
2365 3993 2622 4044 l'histoire
2652 3994 2828 4044 natio-

693 4081 872 4133 nale...
902 4081 976 4131 La
1009 4081 1197 4147 langue
1229 4083 1408 4146 latine,
1440 4095 1649 4134 comme
1678 4083 1726 4133 le
1752 4081 1883 4147 gout
1900 4119 1914 4144 ‚
1947 4083 2092 4135 avait
2117 4083 2225 4133 fort
2252 4085 2284 4132 a
2311 4082 2522 4133 souffrir
2550 4082 2617 4132 de
2651 4096 2714 4133 ce
2741 4095 2828 4132 re-

695 4174 815 4221 tour
861 4173 892 4221 a
930 4171 1224 4235 l'antiquitd
1262 4171 1313 4221 la
1349 4173 1469 4238 plus
1502 4172 1712 4223 reculee
1743 4175 1796 4222 et
1827 4172 1877 4221 la
1912 4172 2033 4235 plus
2065 4172 2323 4223 inculte...
2358 4190 2384 4220 υ
2412 4171 2518 4236 (Les
2545 4170 2832 4221 moralistes

693 4271 809 4311 rous
839 4257 1064 4325 l'empire
1086 4260 1316 4317 romain.
1346 4274 1399 4323 p.
1439 4259 1544 4320 148,
1584 4259 1708 4323 150).
