3125 4959
154 1338 203 1389 t..
235 1337 335 1395 ΧΗ,
366 1351 408 1385 e.
442 1350 527 1385 xu.

129 1710 177 1757 L.
198 1709 546 1772 xvu1,c.v1‚9.

129 2337 178 2384 L.
209 2334 254 2393 1,
290 2348 328 2382 e.
363 2348 436 2391 vr,
469 2339 543 2383 26.

177 2452 225 2501 L.
259 2452 333 2510 lV,
365 2464 404 2500 e.
439 2465 504 2499 iv.

1485 425 1843 489 -108—

602 568 798 652 fieri,
846 567 935 640 de
975 566 1242 657 quihus
1283 571 1520 637 tamen
1562 565 1831 656 passim
1876 565 2155 637 locutus
2198 572 2305 637 est
2353 563 2445 659 (1)
2494 566 2749 636 minus

600 713 760 766 vero
819 691 1279 784 philosophi,
1346 698 1424 761 ut
1472 691 1618 781 jam
1683 689 2043 777 diximus,
2106 711 2321 781 quam
2375 693 2745 783 juriscon-

599 819 770 889 sulti
813 835 1046 898 more,
1109 823 1186 888 ut
1238 815 1528 905 quidem
1589 834 1671 888 ex
1727 816 2184 898 auctoribus,
2247 836 2427 908 quos
2474 816 2739 897 hahet,

601 942 776 1013 satis
815 946 1135 1032 apparet.

699 1067 892 1140 Nihil
937 1066 1024 1139 de
1081 1068 1236 1157 ipsa
1285 1066 2160 1148 familiaeeonstitutione
2198 1068 2390 1157 apud
2430 1067 2748 1139 Gellium

605 1193 884 1283 legitur.
930 1191 1337 1263 Assentitur
1389 1189 1712 1262 Ciceroni
1759 1190 2187 1282 prudentem
2235 1214 2374 1287 esse
2421 1197 2748 1284 patrem.-

602 1315 921 1409 famz‘lias
957 1322 1019 1385 et
1057 1321 1343 1385 cautum
1382 1314 1643 1387 dehere
1681 1314 1944 1387 dicenti
1982 1341 1998 1385 ε
2035 1324 2348 1390 attamen
2383 1318 2445 1389 ei
2489 1336 2751 1409 expro-

605 1443 765 1513 brat
813 1441 1006 1531 quod
1058 1459 1306 1532 parum
1360 1440 1667 1512 honesto
1717 1460 2063 1532 responso
2114 1444 2249 1515 hoe
2287 1450 2749 1534 praeceptum

606 1566 1132 1638 dedecoraverit
1169 1562 1298 1658 (2).
1341 1567 1440 1637 De
1481 1566 2021 1638 matrefamilias
2057 1575 2126 1639 et
2159 1576 2482 1639 matrona
2511 1588 2751 1659 gram-

606 1692 859 1762 matice
914 1697 982 1761 et
1027 1689 1332 1781 Juridioe
1385 1688 1731 1780 disputat.
1794 1691 2328 1764 Matrimonium
2362 1747 2379 1774 ‚
2430 1699 2502 1763 ut
2542 1692 2754 1764 decet

605 1835 1008 1896 romanum,
1049 1812 1291 1887 salutis
1319 1822 1705 1907 perpetuae
1745 1834 1959 1888 causa
1990 1817 2509 1908 capessendum
2552 1817 2755 1908 judi-

604 1951 738 2026 cat,
783 1944 1023 2032 itaque
1054 1948 1238 2014 reete
1277 1941 1440 2013 feeit
1475 1943 1801 2015 Metellus
1841 1942 2263 2014 Numidicus
2302 1945 2364 2014 si
2404 1962 2548 2014 non
2586 1962 2752 2015 ora-

602 2068 820 2151 torie,
867 2067 989 2156 qui
1034 2066 1378 2155 expositis
1418 2073 1486 2138 et
1527 2069 1903 2157 perpensis
1959 2068 2310 2140 molestiis
2352 2069 2751 2140 incommo-

606 2193 863 2281 disque
909 2191 1347 2263 matrimonii
1398 2192 1756 2282 persuasit
1795 2199 2032 2265 tamen
2073 2192 2431 2265 civitatem
2469 2192 2751 2264 salvam

605 2338 744 2385 esse
771 2316 918 2385 sine
954 2315 1576 2385 matrimom'ormn
1614 2315 2016 2413 frequentia
2060 2337 2205 2389 non
2247 2337 2461 2409 posse
2497 2316 2627 2412 (5).

704 2439 906 2526 Quod
968 2442 1086 2530 jus
1156 2439 1693 2530 sponsaliorum
1756 2448 1922 2512 ante
1987 2441 2343 2514 civitatem
2409 2442 2748 2514 universo

609 2566 805 2637 Latio
854 2564 1091 2636 datam
1146 2565 1359 2638 fuerit
1399 2565 1855 2636 observatum
1910 2573 1978 2636 et
2027 2566 2386 2656 quomodo
2440 2567 2750 2656 pecunia

611 2690 1067 2763 mulctaretur
1117 2690 1239 2779 qui
1282 2689 1428 2759 sine
1455 2689 1659 2779 justa
1707 2707 1922 2758 eausa
1971 2691 2405 2780 promissum
2458 2709 2603 2762 non
2647 2691 2746 2763 fe-

608 2813 820 2886 cisset
860 2813 1271 2886 summatim
1310 2822 1378 2886 et
1416 2813 1747 2905 frigidius
1785 2814 2106 2905 exponit.

707 2942 805 3012 De
856 2941 1017 3031 Jure
1066 2958 1354 3031 quoque
1409 2916 1812 3029 officiisque
1868 2939 1995 3010 viri
2048 2948 2117 3011 et
2158 2942 2479 3014 mulieris
2519 2961 2747 3033 pauca

606 3065 876 3158 passim
920 3065 1129 3137 refert
1169 3083 1352 3156 quae
1385 3066 1531 3156 jam
1578 3064 1857 3156 vulgata
1901 3065 2382 3156 relinquimus
2431 3062 2557 3161 (4).
2603 3067 2743 3139 No-

668 3325 735 3388 (1)
766 3322 895 3383 Cic„
935 3324 1002 3371 De
1033 3324 1147 3385 off.¹
1181 3321 1238 3383 1,
1279 3321 1368 3382 17;
1402 3322 1470 3371 cf.
1505 3320 1698 3370 Fenelo
1728 3341 1736 3367 :
1776 3340 1798 3364 «
1830 3321 1873 3370 Il
1905 3321 2036 3369 n'est
2065 3335 2157 3383 pas
2185 3322 2379 3385 permis
2418 3321 2482 3371 de
2513 3335 2570 3370 se
2609 3334 2744 3370 eon-

607 3429 785 3465 server
811 3429 877 3463 en
907 3415 1123 3468 ruinant
1154 3427 1212 3462 sa
1241 3411 1457 3473 familie,
1487 3412 1543 3460 ni
1573 3411 1871 3476 d’agrandir
1901 3427 1958 3461 sa
1987 3412 2186 3461 famille
2216 3427 2280 3461 eu
2308 3412 2528 3475 perdant
2559 3426 2616 3461 sa
2646 3428 2743 3475 pa-

607 3506 731 3564 trie,
764 3505 819 3552 ni
848 3504 913 3553 de
947 3504 1199 3553 chercher
1222 3502 1270 3550 la
1299 3502 1466 3565 gloire
1493 3501 1557 3551 de
1587 3515 1644 3551 sa
1668 3503 1838 3565 patrie
1868 3516 1932 3552 en
1963 3502 2164 3552 violant
2202 3503 2280 3554 les
2307 3503 2474 3552 droits
2504 3502 2569 3552 de
2599 3503 2742 3551 l'hu-

604 3595 802 3644 manito
830 3613 851 3637 n
889 3591 1054 3655 (Essai
1081 3590 1268 3654 philos,
1292 3605 1385 3642 sur
1416 3591 1459 3641 le
1485 3606 1654 3654 youv„
1683 3592 1765 3641 ch.
1796 3591 1884 3654 11).
2250 3643 2253 3648 ,

664 3684 736 3748 (⁴2)
773 3703 796 3727 «
828 3681 1111 3732 Prudentis
1140 3685 1189 3730 et
1220 3680 1362 3730 cauti
1388 3681 1785 3744 patrisfamilias
1814 3695 1946 3743 esse,
1977 3681 2116 3743 quod
2145 3695 2320 3732 emere
2348 3683 2494 3742 velit,
2526 3686 2738 3745 emptu-

604 3789 720 3824 rum
750 3786 864 3823 esse
891 3784 1081 3835 negare
1108 3775 1322 3834 propter
1351 3771 1727 3834 competitores
1755 3771 2040 3835 emptionis
2069 3790 2092 3815 »
2127 3770 2303 3833 (Geth.
2333 3774 2367 3823 1.
2402 3771 2525 3833 XII,
2549 3786 2596 3821 e.
2625 3775 2736 3834 ΧΠ).

665 3864 733 3927 (3)
760 3860 838 3912 Cf.
870 3860 983 3912 Cic.
1015 3875 1026 3908 ε
1064 3877 1089 3904 «ι
1119 3857 1250 3910 Cum
1280 3861 1350 3910 sit
1379 3862 1479 3910 hoe
1509 3864 1694 3909 natura
1725 3874 2008 3911 commune
2041 3862 2392 3911 animantium
2425 3867 2485 3911 ut
2514 3863 2742 3912 habeant

603 3953 892 4004 lubidinem
932 3952 1269 4016 procreandi,
1311 3950 1482 4015 prima
1520 3950 1745 4000 societas
1784 3951 1839 3999 in
1878 3952 2127 4015 conjugio
2165 3956 2304 4006 est...
2348 3952 2401 4001 id
2444 3959 2620 4002 autem
2661 3958 2743 4002 est

603 4043 924 4107 principium
957 4043 1104 4092 urbis
1137 4045 1189 4092 et
1222 4039 1372 4104 quasi
1401 4040 1745 4091 seminarium
1774 4041 2158 4104 reipublicae...
2190 4055 2323 4103 quae
2351 4043 2657 4106 propagatio
2689 4048 2741 4093 et

607 4134 812 4183 soboles
840 4135 987 4196 origo
1016 4135 1095 4182 est
1125 4131 1637 4193 rerumpublicarum
1667 4148 1690 4172 »
1722 4130 1807 4192 (De
1834 4130 1939 4191 off„
1973 4129 2014 4192 1,
2052 4130 2144 4194 16).

671 4221 736 4286 (4)
770 4218 850 4270 Cf.
885 4221 1031 4271 lwan
1061 4220 1125 4269 de
1157 4218 1417 4280 Gloeden,
1451 4218 1642 4280 Hertz,
1678 4221 1739 4269 A.
1774 4218 1923 4269 Gellii
1953 4233 2080 4282 quae
2107 4220 2284 4283 adjus
2311 4221 2601 4285 pertinent,
2632 4226 2734 4274 etc.

2814 4823 3100 4917 ,μμ-1
