3125 4959
253 818 301 870 L.
321 818 460 879 xvir,
479 831 519 868 c.
540 833 610 878 xl,
627 823 650 867 1
665 855 677 868 .

254 1059 303 1109 L.
324 1058 460 1120 xvh,
480 1072 521 1109 c.
539 1073 606 1117 11,
629 1063 673 1107 1.

248 1310 301 1360 1..
334 1308 431 1371 xu,
464 1323 507 1359 ο.
538 1324 675 1362 xvm.

248 2177 297 2228 L.
331 2178 394 2239 V,
428 2191 469 2227 c.
500 2192 591 2240 xv,
625 2184 672 2228 7.

251 2560 299 2613 L.
332 2560 388 2624 V,
420 2573 462 2611 c.
493 2576 594 2621 xvr,
626 2566 673 2612 4.

1584 531 1958 603 1-70-

731 692 1010 740 monem
1039 692 1248 762 eoque
1274 669 1440 740 satis
1466 670 1860 741 humectato
1887 669 2273 740 dimanare
2291 692 2435 764 per
2462 693 2651 755 eum,
2689 672 2870 765 quia

730 793 815 863 sit
869 793 1202 863 rimosior
1227 849 1244 876 ‚
1312 800 1375 864 et
1441 795 1801 885 confluere
1857 794 2024 864 inde
2078 794 2157 864 in
2212 795 2517 866 vesicam
2575 821 2593 868 ε
2657 800 2866 887 cujns

733 918 1133 1009 opinionis,
1196 921 1256 991 si
1319 921 1693 992 Plutarcho
1734 919 2069 1019 creditur,
2129 929 2373 992 auctor
2414 922 2546 993 fuit
2589 921 2865 1013 Hippo-

733 1051 983 1117 crates.
1744 1135 1752 1141 ἱ

830 1170 908 1240 ln
966 1170 1100 1240 hoc
1158 1177 1394 1242 tamen
1456 1170 1726 1242 Gellius
1791 1171 2160 1243 Platonem
2221 1190 2456 1242 errare
2512 1173 2613 1243 ait
2665 1171 2862 1262 quod

731 1293 1094 1385 Euripidis
1152 1312 1309 1365 esse
1359 1294 1619 1366 dixerit
1676 1296 1748 1365 in
1809 1296 2188 1368 Theaeteto
2246 1301 2453 1364 notae
2510 1295 2864 1365 vetustatis

730 1438 1048 1501 versum,
1092 1437 1251 1491 cum
1293 1426 1539 1491 contra
1581 1421 1653 1491 iu
1711 1421 1919 1511 Ajace
1976 1419 2265 1501 Locrio,
2325 1422 2703 1510 Sophoclis
2765 1421 2860 1491 fa-

727 1542 925 1625 bula,
971 1544 1391 1634 reperiatur,
1443 1545 1568 1634 qui
1610 1544 1805 1636 prior
1844 1553 2017 1616 natu
2057 1545 2190 1617 fuit
2228 1546 2597 1636 Euripide.

827 1666 1067 1739 Tradit
1126 1686 1415 1759 quoque
1470 1688 1655 1759 quae
1716 1670 1804 1740 de
1856 1688 2024 1741 voce
2083 1677 2152 1741 et
2206 1671 2360 1741 visu
2421 1671 2782 1741 censuerit
2839 1694 2856 1739 :

728 1792 1058 1864 credebat
1117 1811 1354 1865 vocem
1410 1794 1898 1884 incorpoream
1959 1813 2120 1867 esse
2178 1812 2309 1866 nec
2362 1794 2858 1866 tantummodo

726 1934 960 1987 aerem
1002 1934 1160 1988 esse
1191 1935 1606 2007 percussum
1636 1974 1652 1998 ,
1695 1918 1822 1992 sed
1860 1920 2046 1991 aeris
2097 1920 2633 2010 percussionem
2661 1974 2677 2001 ,
2733 1939 2863 1991 nec

726 2041 799 2112 id
840 2042 1100 2124 solum,
1149 2044 1413 2133 quippe
1453 2062 1651 2135 cum,
1694 2052 1881 2115 moto
1924 2044 2180 2135 digito,
2231 2064 2376 2116 non
2428 2045 2862 2135 producatur

730 2186 980 2246 sonus,
1026 2168 1153 2239 sed
1192 2177 1518 2259 oportere
1558 2176 1634 2241 ut
1672 2168 1951 2260 trepida
1991 2177 2060 2241 et
2100 2170 2301 2241 fortis
2354 2170 2445 2241 sit
2493 2169 2860 2260 percussio

729 2294 852 2363 illa
892 2298 961 2364 et
998 2311 1078 2364 ea
1118 2311 1306 2382 quae
1345 2294 1579 2365 audiri
1622 2295 1879 2385 possit.
1939 2294 2154 2365 Visus
2207 2295 2394 2365 hanc
2436 2295 2703 2385 profert
2754 2313 2862 2366 ra-

731 2418 995 2516 tionem
1038 2424 1107 2489 et
1136 2437 1449 2498 causam,
1493 2418 1762 2490 scilicet
1794 2437 1834 2490 e
1867 2419 2134 2490 nostris
2170 2419 2394 2489 oculis
2435 2418 2630 2509 iynis
2665 2417 2864 2488 lucis-

728 2564 860 2635 que
890 2564 1114 2633 qenus
1151 2542 1505 2635 quoddam
1549 2542 1788 2627 ervire,
1835 2545 2024 2634 quod
2085 2562 2242 2616 cum
2301 2545 2458 2616 luce
2517 2545 2692 2616 solis
2752 2546 2862 2617 vel

728 2668 869 2738 alia
913 2670 1407 2757 conjunctum,
1455 2688 1586 2741 sua
1626 2689 1785 2741 cum
1833 2677 2123 2741 externa
2182 2670 2247 2740 vi
2300 2670 2559 2750 mixta,
2604 2668 2866 2741 efficiat

729 2801 806 2865 ut
845 2812 1218 2865 cernamus
1259 2814 1340 2866 ea
1378 2814 1561 2885 quae
1608 2795 2092 2867 illustraverit.
2134 2796 2261 2867 His
2300 2795 2640 2867 omnihus
2682 2796 2859 2868 rela-

728 2918 820 2990 tis
861 2920 1035 2990 satis
1076 2920 1343 2991 indicat
1395 2921 1666 2992 Gellius
1714 2927 2061 3011 quantum
2101 2922 2558 3013 physicarum
2620 2940 2861 2993 rerum

728 3044 1053 3115 curiosus
1093 3042 1330 3116 fuerit.

825 3170 1247 3260 Supremam
1288 3169 1538 3240 horam
1579 3188 1708 3242 nec
1745 3170 1994 3241 mortis
2034 3189 2164 3241 nec
2205 3170 2386 3243 vitae
2426 3190 2583 3243 esse
2624 3173 2869 3244 crede-

725 3294 848 3367 bat
891 3295 1088 3365 Plato
1130 3319 1145 3365 :
1187 3313 1330 3385 quo
1368 3301 1809 3386 argumento,
1849 3295 2131 3385 quoties
2174 3294 2262 3367 de
2300 3295 2678 3368 contrariis
2709 3316 2863 3368 am-

626 3420 631 3425 ’
724 3418 1123 3509 bigebatur,
1160 3438 1336 3490 usus
1376 3424 1512 3512 est,
1558 3439 1864 3509 quorum
1905 3420 1965 3490 si
2005 3420 2456 3503 alterutrum,
2504 3440 2664 3493 cum
2711 3440 2860 3494 uno

266 4059 318 4110 L.
345 4060 442 4119 Vll,
471 4075 512 4111 c.
541 4077 643 4112 xm.

725 3542 1098 3615 desinente
1138 3544 1436 3614 alterum
1480 3544 1799 3635 incipiat,
1848 3545 2377 3635 apprehendas,
2423 3565 2719 3619 necesse
2751 3553 2860 3619 est

726 3675 804 3738 ut
835 3667 1384 3740 contradicatur.
1423 3668 1601 3738 Cum
1641 3668 1855 3759 igitur
1891 3668 2392 3742 difficillimum
2425 3672 2518 3743 sit
2553 3680 2853 3744 mortem

725 3799 794 3863 et
832 3793 1082 3874 vitam,
1130 3812 1434 3882 quarum
1476 3795 1770 3864 alteram
1814 3795 2036 3865 altera
2074 3795 2433 3875 secludat,
2493 3796 2568 3866 in
2629 3816 2853 3868 unum

726 3936 1177 4009 componere,
1212 3918 1489 4009 aliquid
1520 3918 1823 4009 subjecit
1854 3919 2070 3991 medii
2104 3920 2298 4010 quod
2322 3921 2504 4011 ipse,
2536 3929 2612 3993 ut
2638 3940 2860 4013 supra

726 4031 1074 4126 diximus,
1135 4048 1247 4118 τὴν
1289 4041 1562 4138 ἐξαίφνης
1601 4047 1810 4138 φύσιν,
1871 4046 1945 4116 in
2007 4044 2190 4116 libro
2241 4045 2328 4117 de
2388 4045 2851 4126 Parmenide,

723 4171 1059 4260 appellat.
1106 4169 1299 4242 Alias
1341 4170 1495 4261 ipse
1535 4170 1807 4243 Gellius
1847 4170 1946 4242 ait
1984 4170 2170 4242 idem
2208 4157 2370 4241 'esse
2403 4168 2639 4262 quoad
2670 4169 2860 4239 vivet

726 4305 794 4368 ct
829 4295 1064 4388 quoad
1095 4296 1483 4378 morietur,
1535 4297 1667 4369 hoc
1706 4303 2122 4387 argumento
2160 4302 2369 4369 utens
2412 4294 2643 4385 quod,
2689 4313 2849 4367 cum
