3125 4959
140 889 189 938 L.
209 884 346 942 xvu,
364 895 406 930 c.
421 894 471 940 v,
490 881 565 926 13.

139 1373 190 1423 L.
221 1372 345 1432 XIX,
380 1384 421 1421 c.
452 1384 487 1428 ι,
521 1374 565 1422 1.

142 1506 191 1555 Ι..
222 1503 342 1564 XIX,
380 1516 421 1552 c.
455 1516 485 1561 r,
519 1505 565 1551 4.

1524 499 1603 514 ..
1646 463 1722 528 30
1765 499 1845 514 .-

618 600 904 675 doloris.
953 604 1157 686 Hinc,
1219 603 1356 674 sub
1417 603 1713 675 nomine
1765 603 2002 685 Tauri,
2063 603 2507 677 occasionem
2571 602 2779 694 rapit

624 727 994 801 evolvendi
1032 727 1206 817 quid
1249 727 1336 799 de
1371 728 1619 799 dolore
1649 735 1719 799 et
1750 727 2169 800 fortitudine
2199 736 2506 812 censeat,
2536 747 2771 819 quam
2870 787 2875 794 .

620 874 876 921 rerum
943 850 1480 922 tolerandarum
1546 858 1614 921 et
1678 851 2304 946 intolerandarum
2380 854 2771 926 scientiam

623 985 1017 1069 nuncupat,
1065 985 1417 1069 negatque
1466 996 1626 1050 esse
1674 997 1827 1050 eam
1869 1000 2047 1071 quae
2083 986 2335 1050 cont-ra
2380 985 2767 1062 naturam,

621 1103 923 1175 monstri
958 1101 1208 1189 vicem,
1249 1103 1544 1175 nitatur.

723 1229 802 1300 ln
842 1229 983 1300 alio
1024 1227 1305 1307 itinere,
1349 1227 1543 1317 quod
1587 1201 2110 1332 navigationem
2152 1250 2211 1297 a·
2238 1225 2621 1338 Cassiopea
2656 1230 2777 1299 ad
2860 1295 2873 1304 .

623 1351 1127 1423 Brundusium
1184 1352 1392 1432 dicit,
1464 1352 2176 1442 comitem-habebat
2241 1355 2768 1446 philosophum

622 1478 700 1548 iu
727 1477 942 1548 stoica
980 1476 1360 1569 disciplina
1400 1477 1850 1550 celebratum.
1897 1480 2232 1552 Exoritur
2269 1481 2579 1572 procella
2619 1489 2772 1553 ter-

624 1603 884 1687 ribilis,
933 1623 1074 1694 qua
1113 1601 1615 1682 disturbantur.
1654 1606 1977 1676 omnium
2019 1606 2242 1677 animi
2290 1631 2306 1677 ε
2355 1606 2476 1678 ille
2516 1615 2770 1679 tamen

624 1728 1028 1821 impavidus
1071 1707 1443 1820 manebat,
1488 1729 1691 1800 nullo
1742 1731 2067 1820 ploratu‚-
2107 1749 2198 1803 ne
2246 1731 2545 1824 minima
2587 1733 2764 1822 qui-

525 1935 532 1942 ,
622 1855 784 1928 dem
828 1873 993 1927 voce
1038 1853 1253 1936 edita,
1300 1853 1426 1924 sed
1482 1854 1746 1925 coloris
1788 1863 1857 1927 et
1907 1855 2143 1927 vultus
2193 1856 2602 1929 turbatione
2652 1855 2759 1950 (1)

141 2502 188 2550 L.
224 2498 342 2557 XIX,
380 2512 420 2547 c.
453 2512 487 2553 ι,
518 2502 564 2547 9.

143 3000 195 3051 L.
218 2998 338 3059 XIX,
365 3010 404 3047 c.
431 3003 568 3057 1,13.

622 2000 768 2052 non
828 1979 1127 2051 multum
1172 1998 1213 2049 a
1252 1979 1503 2050 ceteris
1558 1978 1927 2063 differens.
1987 1981 2206 2069 Cujus
2261 1989 2499 2053 tamen
2557 1989 2771 2055 notat

623 2106 1062 2197 superbiam,
1128 2122 1285 2175 cum
1344 2123 1385 2174 a
1442 2104 1661 2177 divite
1721 2105 2033 2195 quodam
2094 2125 2180 2178 ex
2235 2107 2404 2177 Asia
2462 2108 2768 2179 homine

623 2231 1119 2321 interpellatus
1152 2228 1347 2319 quod
1377 2229 1776 2319 palluisset,
1802 2238 1964 2321 post
1989 2231 2511 2321 aliquantulam
2548 2251 2767 2303 cunc·-

624 2355 993 2454 tationem‚
1024 2353 1393 2426 fastidiose
1433 2372 1559 2446 per
1593 2354 1750 2446 ipsa
1773 2354 2165 2447 Aristippii
2191 2355 2521 2448 discipuli
2546 2358 2767 2428 verba

622 2480 698 2549 iu
733 2478 949 2548 simili
978 2484 1294 2572 tempore
1327 2502 1373 2549 a
1409 2471 1771 2551 simillimo
1810 2479 2090 2550 homine
2126 2459 2568 2574 interrogati,
2615 2501 2767 2553 res-
2844 2485 2853 2492 ‘

624 2593 984 2696 ponderit.
1030 2604 1146 2675 Sic
1201 2605 1705 2695 intempestivo
1759 2607 2052 2678 homine
2101 2607 2222 2677 ille
2273 2623 2350 2679 se
2399 2608 2768 2697 expedivit

626 2729 893 2802 stoicus
940 2754 957 2800 ε
1004 2748 1187 2819 quae
1226 2736 1461 2802 tamen
1506 2731 1763 2822 agendi
1806 2732 1984 2802 ratio
2027 2751 2174 2803 non
2223 2732 2765 2836 omnihus-pla-

625 2873 779 2927 cere
814 2855 1098 2946 poterit.
1147 2856 1322 2927 Cum
1364 2862 1600 2930 autem
1635 2855 1904 2927 Gellius
1946 2857 2169 2947 paulo·
2190 2865 2352 2947 post
2386 2876 2547 2928 eum
2597 2875 2765 2947 per—

626 2969 1057 3060 contaretur,
1078 2978 1363 3071 placide
1391 2986 1457 3050 et
1480 2980 1773 3050 comiter
1799 2981 2095 3080 Epicteti
2123 2983 2337 3054 verba
2362 2981 2450 3054 de
2474 2973 2764 3073 sapien-

626 3107 718 3179 tis
755 3105 1275 3198 et'insipientis
1316 3107 1731 3178 assentione
1772 3106 2115 3194 recitavit.
2232 3113 2239 3121 ’

724 3232 1191 3324 Disciplinam
1236 3250 1399 3304 vero
1425 3231 1826 3304 stoicorum
1868 3250 2012 3303 non
2056 3232 2392 3303 omnibus
2433 3231 2762 3322 partibus

611 3358 956 3449 ⁴amplecti
1018 3357 1323 3443 videtur,
1393 3357 1661 3449 quippe
1724 3355 1848 3446 qui
1911 3374 2070 3429 cum
2140 3357 2417 3429 Herode
2479 3356 2754 3434 Attico,

692 3635 759 3700 (1)
796 3634 876 3686 Cf.
908 3635 1103 3698 Mont.‚
1140 3637 1314 3685 Essais
1350 3655 1361 3685 :
1407 3656 1431 3682 «
1462 3634 1551 3699 Ny
1591 3637 1933 3685 n'entendent
1969 3637 2045 3686 les
2083 3637 2336 3687 stoiciens
2373 3651 2475 3700 que
2509 3636 2658 3685 l'ame
2696 3637 2762 3686 de

629 3727 745 3775 leur
770 3739 895 3789 sage
917 3726 1098 3789 puisse
1124 3727 1338 3776 resister
1366 3739 1470 3774 aux
1502 3726 1790 3789 premieres
1817 3726 2021 3775 visions
2049 3734 2100 3774 et
2129 3727 2378 3776 fantasies
2399 3729 2489 3789 qui
2519 3727 2614 3788 luy
2644 3741 2760 3775 sur·

628 3816 906 3869 viennent;
936 3815 1070 3878 ains»,
1096 3828 1302 3865 comme
1327 3818 1358 3865 a
1387 3829 1489 3864 une
1517 3816 1814 3878 subjection
1841 3815 2113 3876 naturelle‚
2142 3820 2454 3866 consentent
2477 3815 2603 3879 qu'il
2632 3817 2763 3866 cede

628 3921 697 3955 au
724 3907 890 3970 grand
922 3906 1098 3956 bruict
1129 3906 1201 3955 du
1225 3908 1326 3957 ciel
1354 3920 1423 3955 ou
1448 3905 1607 3956 d'une
1636 3907 1805 3967 ruine,
1836 3919 1970 3969 pour
1999 3907 2268 3969 exemples
2286 3944 2299 3966 ,
2323 3905 2532 3967 jusqu'b⁴
2559 3906 2608 3955 la
2636 3919 2762 3968 pas-

629 3996 743 4045 leur
775 3999 828 4046 et
856 3997 1213 4055 contraction‚
1244 3995 1417 4045 ainsin
1445 4010 1552 4043 aux
1582 3995 1779 4044 aultres
1810 3995 2085 4057 passionS,
2116 4008 2353 4057 pourveu
2387 4009 2489 4057 que
2518 4008 2614 4043 son
2643 3996 2761 4056 opi-

630 4085 755 4133 nion
791 4084 1039 4134 demeure
1074 4085 1256 4135 saulve
1289 4090 1340 4133 et
1379 4085 1581 4134 entiere
1617 4088 1670 4133 et
1698 4097 1799 4146 que
1837 4083 2088 4133 l'assiette
2126 4083 2191 4132 de
2231 4098 2326 4133 son
2366 4084 2608 4133 discours
2643 4083 2761 4131 n'en

630 4173 825 4222 souffre
862 4174 1083 4223 atteinte
1112 4175 1167 4223 ni
1195 4174 1474 4224 alteration
1502 4174 1831 4237 quelconque
1859 4177 1912 4223 et
1938 4171 2065 4236 qu'il
2097 4186 2163 4221 ne
2196 4177 2370 4236 preste
2404 4173 2495 4221 nul
2533 4184 2763 4222 consen-

631 4265 830 4312 tement
859 4264 887 4310 ὲ
918 4276 1012 4311 son
1044 4263 1209 4324 effroy
1233 4268 1286 4313 et
1317 4264 1612 4312 souffranee
1640 4281 1663 4306 »
1698 4263 1751 4325 (l.
1783 4262 1823 4323 I,
1852 4276 1898 4311 c.
1934 4263 2038 4324 xu).
