3125 4959
47 427 102 586 -τᾞ

1563 473 1927 536 -116-

676 608 1191 680 immortalium
1231 608 1342 698 vi,
1383 615 1653 681 natura
1675 665 1694 693 ‚
1735 610 2015 681 ratione
2036 664 2054 694 ‚
2099 616 2491 712 potestate,
2533 615 2771 680 mente
2792 664 2810 694 ,

674 735 970 807 numine
1026 733 1121 831 (1)
1176 733 1556 827 explicuit!
1614 735 1689 808 in
1742 737 2008 827 quibus
2049 743 2288 810 tamen
2327 737 2468 809 alia
2509 744 2586 809 ut
2624 753 2815 826 pon-

677 861 846 934 tifex
903 868 974 934 et
1025 862 1240 933 bomo
1293 861 1628 953 politicus
1668 860 1987 946 dicebat,
2032 861 2175 934 alia
2213 868 2291 933 ut
2329 860 2815 953 philosophus

676 984 1034 1059 sentiebat
1079 982 1209 1080 (2).

775 1112 921 1184 Hoc
984 1110 1298 1183 maxime
1366 1112 1554 1184 inter
1619 1110 1793 1183 deos
1861 1117 2077 1202 atque
2136 1110 2465 1183 homines
2525 1110 2817 1192 differre

675 1243 918 1308 censet
967 1236 1236 1308 Gellius
1298 1236 1491 1327 quod
1535 1234 1645 1304 illi
1688 1259 1799 1306 res
1844 1257 2081 1306 omnes
2109 1235 2562 1328 postfuturas
2586 1256 2817 1328 prae·

199 1384 249 1436 L.
280 1383 401 1445 xw,
429 1395 473 1432 e.
503 1396 538 1446 1,
570 1386 618 1431 7.
673 1371 956 1431 noscunt
1012 1386 1029 1431 ε
1074 1361 1176 1433 dii
1222 1362 1413 1434 enim
1458 1362 1593 1435 soli
1641 1384 1783 1432 non
1824 1360 2160 1453 longaevi
2199 1361 2325 1431 sed
2369 1360 2819 1430 immortales

195 1515 246 1566 L.
272 1515 330 1577 11,
351 1527 396 1564 e.
418 1516 619 1573 nmo.
674 1485 1131 1578 appellantur
1183 1510 1208 1554 .·
1260 1487 1454 1579 quod
1509 1507 1686 1561 sane
1742 1507 1886 1560 non
1935 1489 2177 1561 minus
2230 1487 2323 1559 ad
2375 1487 2662 1559 dicendi
2704 1505 2819 1557 ra-

675 1612 943 1685 tionem
995 1631 1209 1704 quam
1262 1611 1352 1684 ad
1389 1613 1715 1686 altiorem
1757 1611 2294 1705 philosophiam
2335 1617 2632 1701 spectat.
2684 1612 2818 1682 Re-

675 1734 809 1808 fert
867 1755 1155 1828 quoque
1208 1744 1522 1810 veterum
1590 1755 2049 1810 romanorum
2120 1735 2209 1808 de
2270 1735 2533 1807 divinis
2597 1734 2819 1807 rebus

675 1860 938 1933 tradita
982 1869 1052 1934 et
1091 1861 1323 1935 edicta
1362 1863 1714 1953 quaedam
1754 1862 2022 1941 futilia,
2064 1861 2141 1932 in
2173 1860 2438 1951 quibus
2468 1861 2822 1950 supersti-

676 1984 862 2057 tiosa
899 1984 1081 2058 fides
1116 1987 1433 2060 eminere
1472 1986 1789 2064 videtur,
1834 2005 1916 2059 ac
1950 1986 2253 2058 nimium
2297 1986 2822 2058 inconsultum-

678 2127 819 2202 que
858 2109 1188 2202 publicae
1218 2111 1587 2203 religionis
1619 2111 1968 2194 studium,
2013 2129 2264 2203 parum
2302 2108 2508 2183 Gellii
2540 2117 2819 2202 tempo-

677 2233 881 2307 ribus
919 2253 1349 2327 congruens,

265 2375 316 2425 L.
347 2375 385 2435 1,
420 2386 561 2426 em.
780 2359 1116 2431 Laudatis
1165 2359 1307 2442 eis,
1358 2362 1607 2452 paucis
1661 2368 1897 2433 tamen
1926 2417 1943 2443 ‚
1989 2378 2172 2453 quae
2213 2360 2566 2433 delibero
2618 2359 2816 2432 arbi-

680 2484 815 2557 trio
863 2484 1084 2568 dixit,
1142 2484 1525 2559 fatebimur
1574 2487 1880 2558 Gellium
1941 2485 2030 2558 de
2067 2486 2491 2559 assensione
2538 2483 2811 2568 animi,

678 2628 865 2701 quae
935 2609 1325 2702 plurimum
1390 2611 1579 2684 inter
1641 2611 1841 2683 illius
1917 2612 2259 2702 temporis
2337 2610 2816 2701 philosophos

679 2734 1080 2826 agitabatur
1118 2732 1211 2829 (5)
1242 2788 1260 2822 ,
1305 2734 1484 2807 nibil
1529 2738 1819 2827 penitus
1851 2736 2330 2828 disputavisse
2361 2752 2492 2807 nec
2518 2733 2815 2810 altiores

681 2859 1143 2950 quaestiones
1183 2837 1661 2953 expedivisse.
1892 2875 1899 2881 ·
3096 2879 3103 2912 ⁵

744 3126 810 3193 (l)
833 3125 965 3187 Cic„
995 3129 1060 3178 De
1084 3130 1214 3192 Leq„
1244 3127 1369 3212 1,·7;
1394 3131 1462 3179 De
1485 3136 1597 3180 nat.
1626 3130 1783 3190 deor„
1814 3127 1856 3188 1,
1882 3127 1938 3188 2;
1971 3127 2040 3190 ΙΙ,
2072 3129 2151 3190 53,
2181 3128 2260 3192 54,
2290 3132 2390 3180 etc.

746 3216 814 3279 (2)
836 3213 914 3266 Cf.
945 3216 1163 3277 Teuffel,
1195 3222 1232 3270 t.
1261 3217 1359 3283 111,
1391 3234 1443 3283 p.
1475 3216 1706 3270 315-330.
1744 3245 1801 3255 —
1830 3216 2139 3272 Mommsen.
2173 3223 2209 3268 t.
2243 3216 2358 3280 Vll,
2392 3233 2442 3282 p.
2471 3218 2704 3269 358-364.

745 3306 813 3370 (3)
841 3305 922 3357 Cf.
954 3306 1242 3370 Brochard‚
1276 3322 1358 3372 op.
1395 3308 1538 3359 laud.
