3125 4959
1266 484 1689 549 -37-——.

359 635 429 701 et
466 628 558 700 ab
587 646 671 699 eo
713 626 1133 717 saepissime
1172 631 1528 697 auctorem
1574 624 1661 697 de
1702 643 1774 696 re
1812 623 2064 697 morali
2104 625 2481 714 prolatum,

459 754 794 826 Libenter
834 758 1341 825 commemorat
1373 751 1642 842 quibus
1682 750 1891 822 dictis
1934 748 2294 820 mamimus
2338 748 2491 843 phi-

358 876 804 970 losophorum
855 880 1259 971 κυνικωτέρως
1297 894 1419 948 eos
1458 877 1859 967 increparet
1898 874 2020 968 qui
2065 876 2274 966 factis
2312 897 2490 969 pro-

355 999 494 1085 cul,
539 1001 766 1072 verbis
794 1007 989 1071 tenus
1019 1058 1035 1085 ‚
1082 1002 1716 1093 philosophantur.
1754 1002 1974 1093 Cujus
2005 1003 2285 1093 generis
2319 1010 2489 1074 sunt

356 1130 533 1202 haec
577 1154 593 1199 ε
654 1155 683 1192 α
726 1130 994 1207 Homo,
1035 1147 1181 1218 quo
1214 1128 1337 1198 illa
1369 1125 1660 1217 injicis?
1698 1126 2073 1199 considera
2102 1145 2194 1197 an
2224 1144 2483 1217 purum

355 1254 450 1326 sit
500 1273 620 1326 vas
678 1279 694 1324 ε
771 1255 1014 1325 omnia
1065 1256 1257 1326 enim
1328 1254 1387 1325 si
1444 1254 1516 1323 in
1566 1252 1887 1326 animum
1944 1251 2182 1343 injicis
2239 1260 2480 1330 tuum,

355 1398 646 1471 pessum
716 1380 927 1452 ibunt
985 1405 1000 1449 :
1078 1380 1136 1451 si
1207 1385 1674 1471 putrescunt,
1755 1380 1964 1449 urina
2032 1379 2136 1449 vel
2206 1384 2481 1450 acetum

352 1505 582 1586 fiunt,
627 1506 735 1575 vel
778 1504 950 1595 quid
984 1506 1188 1596 pejus
1237 1502 1366 1599 (l).
1415 1531 1444 1567 ι
1497 1503 1743 1581 Addit,
1788 1510 2072 1575 auctore
2110 1504 2479 1584 Favorino,

358 1637 703 1718 utsupra
769 1628 1125 1708 diximus,
1195 1629 1484 1700 solitum
1556 1646 1717 1699 esse
1779 1627 2173 1718 Epictetum
2253 1626 2486 1700 dicere

357 1780 388 1818 «
452 1754 594 1825 duo
636 1771 795 1824 esse
841 1753 1009 1824 vitia
1052 1755 1276 1825 multo
1322 1753 1644 1824 omnium
1698 1754 2117 1845 gravissima
2158 1772 2240 1826 ac
2277 1761 2485 1826 teter-

348 1878 574 1959 rima,
621 1878 1149 1951 intolerantiam
1195 1885 1263 1950 et
1296 1878 1925 1962 incontinentiam,
1971 1906 2002 1943 ι
2053 1880 2482 1970 quibuscum

353 2022 806 2095 quemquam
831 2021 991 2076 esse
1040 2005 1574 2094 impeccabilem
1619 2005 1979 2095 vitamque
2020 2006 2481 2095 tranquillam

351 2146 558 2220 agere
609 2128 958 2219 negabat,
1003 2147 1430 2219 semperque
1486 2148 1647 2202 eum
1705 2148 1995 2201 monere
2037 2130 2368 2202 homines
2411 2138 2487 2202 ut

353 2252 547 2325 cordi
594 2253 768 2324 haec
816 2252 957 2323 duo
996 2262 1369 2344 praecepta
1410 2255 1760 2326 haberent
1801 2257 2019 2348 ἀνέχου
2063 2256 2169 2321 καὶ
2208 2254 2480 2348 ἀπέχου,

353 2376 623 2449 scilicet
683 2377 962 2449 sustine
1029 2398 1213 2469 quae
1278 2386 1448 2451 sunt
1506 2399 1547 2450 a
1619 2387 1687 2452 te
1748 2381 2025 2463 aliena,
2095 2381 2379 2453 abstine
2445 2399 2487 2452 a

352 2502 844 2593 voluptatibus
892 2528 908 2575 :
956 2522 1140 2594 quae
1177 2505 1469 2595 quidem
1508 2505 1803 2578 laudare
1844 2505 2150 2578 debebat
2192 2506 2478 2578 Favori-

352 2645 491 2698 nus
534 2646 691 2699 cum
740 2628 830 2699 ab
871 2628 1250 2702 Academia
1289 2650 1429 2701 non
1474 2631 1911 2703 abhorreant
1951 2632 2089 2721 (2).

456 2754 665 2825 Notat
730 2773 1018 2845 quoque
1076 2757 1347 2828 Gellius
1406 2755 1586 2847 quid
1644 2756 1833 2828 idem
1887 2757 2249 2847 Epictetus
2300 2758 2486 2830 inter

352 2878 814 2969 insipientem
876 2888 944 2952 et
992 2881 1388 2972 sapientem
1432 2882 1781 2954 interesse
1835 2881 2120 2961 dixerit,
2164 2902 2323 2954 cum
2363 2883 2485 2954 ille

353 3004 503 3075 visa
534 3005 767 3094 primo
802 3006 1187 3078 metuenda
1218 3025 1377 3078 vere
1413 3008 1795 3080 metuenda
1827 3014 2138 3092 censeat,
2175 3009 2290 3081 hic
2325 3027 2486 3081 con-

355 3134 485 3209 tra,
533 3130 763 3221 primo
804 3130 1027 3201 animi
1077 3138 1270 3204 motu
1314 3138 1590 3223 pacato,
1635 3151 1777 3203 non
1830 3132 2002 3203 visis
2051 3133 2480 3223 acquiescat,

352 3254 480 3328 sed
519 3255 929 3345 spernenda
970 3275 1051 3328 ea
1090 3257 1352 3329 habeat
1391 3257 1658 3329 nedum
1701 3258 2111 3347 metuenda.

448 3380 641 3451 Nihil
691 3380 949 3452 mirum
1006 3381 1200 3473 quod
1239 3383 1636 3473 Epictetum
1679 3383 1922 3455 laudet
1970 3384 2196 3455 Aulus
2235 3384 2481 3455 stoico·

348 3524 529 3575 rum
579 3504 986 3575 mamimum
1031 3514 1098 3578 et
1153 3507 1640 3576 venerandum
1695 3528 1957 3591 senem,
2009 3527 2169 3582 cum
2224 3511 2484 3583 stoico-

350 3649 508 3703 rum
552 3632 889 3703 moralem
944 3632 1397 3724 disciplinam
1445 3652 1699 3724 magna
1747 3641 1816 3706 et
1852 3636 2130 3709 sincera
2170 3635 2480 3709 admira-

350 3754 545 3828 tione
577 3756 1077 3847 prosequatur.
1117 3760 1342 3843 Quam
1383 3765 1644 3831 sectam
1678 3759 2201 3843 sanctissimam
2241 3762 2484 3853 appel-

417 4022 480 4086 (l)
507 4020 671 4075 Mont.
709 4042 733 4068 κ
762 4022 900 4074 C'est
926 4039 1030 4076 une
1057 4028 1230 4077 bonne
1259 4027 1459 4091 drogue
1487 4042 1589 4090 que
1614 4030 1663 4077 la
1693 4030 1920 4089 science,
1954 4029 2086 4079 mais
2113 4029 2257 4078 nulle
2287 4030 2484 4091 droguo

349 4110 481 4163 n'est
509 4128 656 4163 assez
683 4115 823 4164 forte
850 4129 984 4179 pour
1012 4131 1069 4165 se
1094 4120 1369 4180 preserver
1393 4133 1517 4172 sans
1542 4120 1817 4171 alteration
1849 4126 1901 4169 et
1927 4120 2236 4186 corruption
2267 4121 2415 4169 selon
2441 4120 2489 4169 le

345 4202 466 4253 vice
495 4202 567 4253 du
598 4218 722 4254 vase
750 4206 838 4268 qui
868 4205 1092 4269 l'estuye
1121 4226 1144 4251 n
1174 4208 1389 4270 (Essais,
1419 4210 1453 4257 l.
1484 4208 1526 4272 1,
1551 4223 1603 4259 e.
1636 4211 1805 4274 xxiv).

413 4292 481 4356 (2)
512 4290 647 4343 Vide
675 4292 964 4357 Brocbard‚
996 4310 1077 4361 op.
1110 4294 1218 4359 cit„
1238 4298 1452 4363 passim.

2577 1018 2627 1066 L.
2662 1017 2756 1077 XV,
2789 1031 2833 1067 c.
2863 1032 2928 1067 xi.

2545 1774 2593 1822 l..
2623 1772 2719 1833 XV,
2751 1786 2792 1822 c.
2825 1787 2891 1823 xu.
2928 1795 2932 1799 -

2584 2770 2631 2817 L.
2668 2769 2785 2829 XIX,
2819 2783 2859 2815 tt.
2893 2783 2900 2811 l

2573 3520 2625 3569 L.
2656 3520 2702 3581 1,
2735 3535 2780 3571 c.
2809 3537 2861 3580 11,
2894 3527 2936 3567 fi.

2571 3773 2702 3831 l..1,
2731 3785 2777 3822 c.
2806 3788 2855 3831 11,
2890 3777 2930 3815 Τ.
