3125 4959
249 1491 300 1544 1,,
336 1489 430 1552 vn,
463 1503 504 1540 ι.
539 1503 644 1545 mo

297 2385 346 2440 1,,
383 2385 458 2446 vt,
489 2397 530 2438 ε,
564 2397 597 2442 ι.

239 3013 290 3068 1,,
315 3011 480 3072 mn,
507 3025 548 3062 c,
581 3023 670 3068 m.

1626 469 1951 530 -53-

815 605 894 676 ln
936 605 1192 697 Gorgia
1247 606 1569 678 Platonis
1620 607 1747 677 illa
1786 626 2081 697 quoque
2122 609 2519 698 exponitur
2552 605 2874 686 divisio,

717 749 862 821 qua
895 730 986 802 ad
1028 729 1172 802 duo
1204 749 1465 822 genera
1503 731 1897 802 ulciscendi
1942 733 2259 803 rationes
2298 732 2575 822 reint
2617 756 2637 801 ε
2684 750 2879 820 quo·

719 873 874 925 rum
917 872 1140 924 unum
1183 855 1611 945 corrigendi,
1648 857 1955 927 alterum
1988 859 2301 947 exempli
2335 858 2603 928 edendi
2640 856 2875 928 finem

717 979 934 1050 babet
989 979 1122 1072 (l).
1183 979 1472 1063 Quaerit
1538 980 1813 1052 Gellius
1872 1000 2049 1051 num
2102 984 2397 1052 tertium
2458 982 2876 1072 punitionis

713 1121 968 1196 genus,
1013 1119 1156 1194 quo
1194 1105 1350 1193 ejus
1387 1103 1799 1174 detenditur
1832 1104 2149 1195 dignitas
2180 1108 2307 1195 qui
2345 1107 2587 1177 laesus
2616 1107 2871 1188 fuerit,

719 1231 916 1303 Plato
971 1229 1296 1301 omiserit
1345 1238 1721 1320 propterea
1772 1230 1969 1321 quod
2026 1230 2117 1299 de
2160 1231 2411 1322 poenis
2465 1237 2622 1323 post
2675 1231 2877 1302 vitae

716 1363 988 1448 tempus
1021 1352 1380 1446 capiendis
1419 1353 1801 1434 scriberet,
1848 1363 1917 1427 et
1961 1356 2040 1426 in
2076 1356 2317 1428 medio
2358 1358 2869 1446 quaestionem

717 1479 1063 1572 relinquit
1109 1476 1240 1572 (2).

817 1607 916 1679 De
961 1605 1320 1695 voluptate
1363 1603 1647 1676 diversa
1684 1606 1785 1675 ait
1828 1607 2151 1677 sensisse
2192 1606 2563 1677 Platonem
2588 1660 2607 1686 ‚
2651 1615 2871 1696 prout

715 1749 958 1804 earum
1002 1746 1238 1800 rerum
1267 1782 1286 1810 ‚
1334 1746 1514 1819 quas
1568 1730 1914 1801 tractabat
1952 1737 2078 1801 aut
2124 1729 2629 1802 demonstrare
2665 1733 2862 1804 vole·

715 1857 863 1940 bat,
908 1853 1318 1949 postulabat
1357 1861 1613 1924 natura
1648 1877 1665 1923 ε
1711 1853 1873 1925 ideo
1912 1853 1995 1926 fit
2030 1861 2111 1927 ut
2146 1855 2239 1927 ab
2278 1856 2437 1944 ejus
2478 1858 2865 1928 sententiis

717 1981 952 2055 variae
1008 1977 1396 2052 admodum
1456 1978 1839 2069 opiniones
1908 1979 2224 2069 pendere
2282 1979 2667 2052 videantur
2729 1979 2860 2073 (5).

715 2107 890 2182 Cum
947 2103 1351 2196 Chrysippo
1411 2102 1501 2173 de
1554 2101 1769 2174 bonis
1830 2111 1900 2174 et
1957 2104 2167 2175 malis
2223 2106 2301 2174 in
2358 2122 2443 2175 eo
2501 2105 2866 2177 consentit

715 2234 910 2326 quod
947 2231 1260 2304 alterum
1306 2248 1400 2298 eac
1445 2225 1668 2296 altero
1713 2226 2089 2298 verticibus
2124 2228 2313 2298 inter
2353 2251 2426 2297 se
2471 2229 2865 2299 contrariis

714 2357 1104 2452 deligatum
1141 2373 1301 2429 esse
1339 2337 1704 2427 existimat
1746 2378 1763 2424 ε
1804 2352 1870 2421 si
1900 2350 2143 2423 tuleris
2183 2377 2445 2440 unum,
2487 2352 2862 2424 abstuleris

715 2491 1118 2576 utrumque.
1165 2479 1270 2553 Ad
1311 2496 1395 2551 ea
1433 2478 1677 2551 referri
1734 2487 2039 2570 possunt
2088 2498 2273 2569 quae
2313 2479 2401 2551 de
2442 2480 2669 2552 febris
2714 2482 2859 2551 lau-

719 2611 976 2691 dibus,
1027 2615 1314 2680 auctore
1358 2606 1751 2686 Favorino,
1801 2605 2124 2696 scripsit,
2184 2625 2345 2677 cum
2393 2606 2859 2679 contenderet

718 2755 912 2820 eum,
947 2732 1072 2830 qui
1103 2737 1533 2828 quartanam
1559 2752 1813 2823 passus
1852 2731 2293 2801 convaluerit
2327 2731 2659 2825 viresque
2686 2733 2857 2802 inte·

719 2885 898 2960 {fras
957 2857 1490 2954 recuperaverit
1525 2912 1543 2940 ‚
1622 2855 1902 2947 fidelius
1976 2858 2547 2951 constantiusque
2615 2865 2859 2951 postea

719 2987 1139 3064 vatianum.

785 3287 852 3350 (1)
889 3281 1024 3336 Vide
1064 3295 1241 3348 supra.
1276 3279 1357 3334 Cf.
1387 3277 1550 3331 Mont.
1594 3298 1606 3329 z
1649 3296 1674 3325 α
1715 3276 1853 3328 C'est
1890 3292 1962 3328 un
2001 3291 2162 3341 usage
2201 3278 2267 3327 de
2296 3283 2475 3328 nostre
2510 3280 2709 3341 justice
2741 3280 2858 3329 d'en

721 3377 1046 3430 rasndsmncr
1071 3373 1297 3424 sulcum
1321 3383 1453 3434 pour
1478 3368 1952 3419 l'advertissement
1975 3369 2067 3417 des
2090 3369 2306 3419 austres,
2333 3366 2410 3417 De
2433 3369 2511 3417 les
2534 3369 2859 3438 condamnet

723 3477 877 3530 parce
905 3463 1061 3528 qu'lln
1085 3467 1180 3512 ont
1212 3461 1382 3523 sailly,
1409 3473 1470 3511 ce
1500 3460 1665 3510 seroit
1694 3459 1885 3508 bestise
1913 3458 2140 3521 (comme
2162 3458 2275 3507 dict
2297 3456 2526 3521 Platon),
2554 3472 2649 3508 car
2674 3458 2855 3522 ce.qni

720 3559 802 3604 cst
830 3553 958 3606 tutet
989 3567 1055 3603 ne
1084 3565 1141 3602 ne
1171 3556 1297 3615 peut
1330 3550 1583 3610 dessaire,
1615 3549 1746 3598 mais
1778 3548 1908 3598 c'est
1945 3562 1975 3596 a
2013 3548 2084 3596 fin
2123 3547 2277 3611 qu'ils
2305 3562 2372 3597 ne
2410 3548 2615 3596 faillent
2644 3549 2766 3610 plus
2795 3547 2859 3596 de

723 3657 921 3694 uiesme
951 3657 1018 3694 ou
1048 3641 1204 3705 qu'on
1243 3641 1371 3703 iuye
1395 3640 1672 3704 l'exemple
1699 3638 1765 3688 de
1792 3640 1907 3688 leur
1936 3639 2101 3687 faulte
2126 3657 2138 3685 ι
2164 3651 2236 3688 on
2266 3651 2332 3687 ne
2355 3639 2565 3700 corrige
2593 3652 2690 3701 pas
2718 3639 2855 3688 celui

721 3734 878 3800 qu'on
908 3733 1063 3797 pend,
1096 3747 1164 3782 on
1193 3731 1399 3794 corrige
1428 3731 1505 3780 les
1531 3731 1728 3779 aultres
1759 3743 1853 3792 par
1884 3729 1980 3791 luy
2010 3746 2035 3773 n
2061 3728 2276 3791 (Essais,
2303 3729 2339 3777 l.
2374 3727 2472 3792 111,
2503 3742 2553 3782 c.
2589 3729 2714 3790 vm).

786 3823 858 3888 (⁴2)
886 3822 965 3873 Cf.
997 3821 1180 3882 Deum,
1213 3836 1292 3884 op⁴
1326 3821 1434 3878 cit„
1468 3824 1506 3870 t.
1540 3820 1582 3880 1,
1614 3834 1665 3882 p.
1707 3816 1812 3879 102,
1850 3817 1955 3878 106,
1998 3817 2102 3867 136.

784 3913 850 3978 (3)
875 3910 954 3963 Cf.
985 3910 1168 3972 Mont„
1201 3912 1391 3966 Essais.
1418 3911 1454 3961 l.
1487 3909 1557 3970 11,
1584 3922 1632 3961 c.
1666 3923 1738 3959 xn
1763 3928 1774 3957 ι
1809 3927 1831 3951 «
1864 3906 2042 3970 Voyez
2070 3907 2317 3956 demener
2345 3911 2399 3955 et
2427 3906 2597 3968 agitet
2624 3904 2815 3956 Platon
2839 3925 2851 3954 ι

721 4001 952 4066 chacun,
986 4003 1290 4053 s'honorant
1329 4002 1395 4051 de
1431 3998 1742 4062 l'appliquer
1781 4012 1811 4046 a
1846 4009 1974 4060 soy,
2013 3997 2064 4045 le
2102 3997 2304 4046 conche
2343 3995 2416 4045 du
2454 3996 2604 4046 coste
2639 3996 2770 4058 qu'il
2807 3996 2854 4044 le

721 4096 869 4146 veult
894 4115 905 4143 ε
940 4107 1010 4144 on
1040 4094 1089 4144 le
1123 4092 1392 4157 promeine
1421 4094 1474 4141 et
1498 4088 1706 4138 l'insere
1737 4090 1767 4137 a
1794 4092 1967 4138 tontes
1996 4088 2073 4135 les
2100 4087 2373 4136 nouvelles
2399 4086 2649 4147 opinions
2676 4099 2779 4149 que
2803 4086 2852 4133 le

723 4190 912 4238 monde
943 4187 1134 4237 receott
1158 4191 1211 4234 et
1242 4187 1288 4234 le
1313 4183 1588 4232 differente
1616 4181 1722 4228 lors
1749 4182 1780 4227 a
1804 4192 1901 4239 soy
1926 4190 2140 4236 mesme,
2168 4174 2318 4227 selon
2346 4177 2396 4225 le
2425 4177 2671 4226 different
2697 4187 2850 4226 cours

722 4279 812 4328 deu
841 4279 1044 4327 choses.
1079 4294 1102 4318 n
