3125 4959
1215 513 1576 572 -115-

327 654 675 724 incertum
734 659 842 724 est
887 676 902 721 ε
950 670 1033 722 ea
1070 658 1309 723 tamen
1363 650 1608 721 indole
1667 668 1809 739 qua
1860 656 2009 721 erat
2054 646 2197 743 (l),
2243 651 2460 739 conji-

329 797 486 851 cere
538 778 697 850 licet
756 797 955 858 eum,
1004 776 1331 867 quamvis
1382 794 1624 848 amore
1672 774 1943 867 patriae
1998 775 2376 867 flagraret,
2423 795 2464 845 a

331 903 749 996 benigniore
794 904 981 976 inter
1028 909 1271 994 gentes
1320 903 1742 974 commercio
1785 919 1925 972 non
1969 901 2459 973 abhorruisse.

1000 1168 1074 1235 4⁰
1115 1163 1224 1234 De
1264 1164 1795 1257 metaphysicis,

435 1419 603 1488 Eam
645 1417 1145 1508 philosophiae
1177 1422 1478 1507 partem,
1516 1415 1777 1487 dictam
1811 1413 1898 1487 de
1931 1415 2463 1507 metaphysicis,

338 1561 521 1633 quae
574 1549 744 1614 sunt
809 1542 897 1613 de
945 1542 1271 1613 omnium
1335 1560 1568 1612 rerum
1641 1548 1898 1613 natura
1959 1540 2339 1630 causisque
2391 1559 2473 1611 ac

340 1664 748 1757 principiis,
809 1666 897 1738 de
949 1666 1093 1737 vita
1146 1666 1533 1755 animoque
1573 1672 1641 1737 et
1679 1664 1855 1745 deo,
1900 1666 2270 1756 paululum
2312 1664 2472 1736 atti-

338 1791 437 1881 git
489 1791 797 1870 Gellius,
856 1792 977 1881 qui
1033 1809 1375 1880 quaerere
1419 1808 1563 1860 non
1621 1808 1744 1861 cur
1798 1796 1867 1861 et
1916 1789 2275 1879 quomodo
2319 1788 2468 1861 fieri

339 1922 554 2006 queat
587 1913 907 2004 quidque
948 1913 1075 1986 sed
1115 1921 1392 1985 tantum
1438 1913 1563 1985 fiat
1605 1932 1827 1985 necne
1867 1914 2124 1986 solitus
2161 1922 2294 1985 est.
2341 1914 2469 1986 Ce—

340 2045 571 2111 terum
608 2037 1038 2129 jampridem
1083 2058 1124 2109 a
1165 2037 1717 2110 sublimioribus
1762 2038 2080 2110 Platonis
2120 2037 2465 2109 Aristote-

344 2162 581 2252 lisque
633 2160 1184 2253 cogitationibus
1252 2162 1715 2253 philosophia
1773 2162 1878 2233 vel
1940 2161 2131 2253 apud
2185 2181 2471 2253 graecos

248 2374 254 2379 ‚
341 2285 723 2359 diverterat
786 2295 855 2358 et
902 2286 991 2358 ad
1050 2306 1132 2359 ea
1172 2288 1325 2359 sola
1376 2306 1560 2379 quae
1609 2288 1887 2359 beatam
1938 2286 2148 2359 vitam
2201 2285 2471 2359 efficere

345 2409 624 2501 possint
662 2429 739 2482 se
768 2410 1247 2501 applicaverat
1289 2435 1306 2482 ε
1353 2412 1536 2482 nihil
1579 2411 1724 2483 fere
1757 2412 1954 2484 aliud
1999 2413 2298 2483 Romani
2335 2412 2472 2484 sibi

345 2541 873 2623 proposuerunt
919 2532 1047 2628 (2).

443 2661 543 2731 De
583 2659 723 2731 diis
764 2668 1001 2730 tamen
1043 2662 1217 2734 haec
1257 2661 1573 2733 notanda
1617 2688 1632 2732 :
1671 2681 1792 2734 eos
1833 2664 2223 2754 plurimum
2267 2682 2476 2753 posse

347 2781 569 2852 credit
610 2787 678 2852 et
716 2800 877 2853 cum
905 2784 1328 2873 parentibus
1362 2794 1726 2874 comparat
1764 2808 1779 2854 ε
1822 2785 1881 2855 si
1913 2804 2034 2857 eos
2073 2786 2280 2857 nobis
2315 2806 2474 2875 pro-

349 2904 562 2995 pitios
605 2923 763 2977 esse
796 2905 1098 2978 velimus
1126 2961 1142 2988 ,
1188 2906 1398 2977 malis
1432 2906 1829 2977 rationibus
1867 2907 2087 2996 finem
2122 2908 2476 2990 faciamus

349 3048 478 3102 nec
528 3031 737 3102 nobis
795 3031 934 3122 ipsi
990 3032 1219 3103 simus
1280 3032 1693 3103 adversarii
1750 3058 1772 3100 .·
1841 3035 1913 3104 in
1975 3054 2117 3125 quo
2178 3034 2474 3125 Epicteti

349 3155 801 3246 disciplinam
852 3176 1007 3230 cum
1066 3159 1251 3249 vulgi
1302 3159 1770 3250 opinionibus
1822 3161 2119 3232 miscere
2171 3160 2469 3232 videtur.

350 3283 485 3352 Res
541 3282 896 3353 humanas
926 3281 1384 3373 providentia
1418 3282 1814 3373 qubernari
1849 3303 1929 3355 ao
1978 3283 2326 3355 mundum
2366 3281 2481 3350 dei

350 3411 415 3473 et
456 3404 823 3475 hominum
874 3428 1091 3477 causa
1137 3408 1547 3481 institutum
1615 3427 1776 3482 esse
1826 3416 2066 3480 censet
2096 3463 2113 3488 ,
2174 3408 2479 3497 ideoque

351 3531 558 3602 Tauri
600 3539 669 3603 et
703 3532 1049 3604 Hieroclis
1089 3531 1275 3605 dicta
1318 3533 1626 3623 reponit.
1664 3535 2023 3619 Quantum
2059 3550 2218 3605 vero
2260 3532 2479 3604 distat

351 3653 535 3724 sicca
574 3653 727 3744 eJus
776 3654 1030 3738 oratic,
1077 3674 1218 3745 qua
1256 3655 1582 3745 alioquin
1619 3653 1908 3728 difficile
1947 3662 2056 3729 est
2098 3655 2479 3727 decernere

352 3796 492 3866 quo
534 3796 753 3849 sensu
808 3778 1329 3869 providentiam
1387 3780 1685 3861 habeat,
1745 3799 1787 3851 a
1841 3779 2211 3851 nobilibus
2274 3797 2478 3870 argu-

354 3900 614 3973 mentis
667 3909 737 3973 et
789 3900 1128 3974 laudibus
1186 3920 1369 3993 quae
1418 3903 1689 3994 passim
1749 3903 1991 3976 Cicero
2046 3903 2134 3972 de
2184 3902 2481 3971 deorum

417 4207 486 4270 (l)
514 4206 733 4267 Teuffel,
769 4210 805 4257 t.
838 4206 938 4266 ΙΙΙ,
969 4221 1024 4270 p.
1058 4207 1133 4257 44.

414 4296 481 4360 (2)
508 4296 725 4357 Teuffel,
756 4302 789 4348 t.
821 4297 861 4358 Ι,
893 4312 943 4361 p.
981 4297 1058 4347 89.

2562 2931 2609 2979 l..
2644 2930 2679 2989 1,
2711 2943 2750 2979 c.
2786 2944 2851 2989 vl,
2885 2935 2929 2977 8.

2559 3430 2606 3478 1..
2639 3428 2716 3487 vr,
2748 3441 2789 3477 ο.
2822 3428 2858 3487 1,
2892 3433 2934 3476 1.

2552 3559 2604 3608 L.
2638 3558 2713 3617 1x,
2745 3571 2769 3606 e
2816 3572 2862 3610 v,
2897 3532 2968 3605 a?
