3125 4959
1289 441 1648 562 ---1ἳ5-Δ

399 642 563 733 quis
635 648 857 714 tentet
923 639 1116 731 quod
1193 658 1340 710 non
1408 637 1635 709 facere
1697 638 1931 709 valeat
2009 643 2078 708 et
2143 636 2528 710 Caecilium

399 773 600 859 putat
637 787 777 836 non
811 763 1007 860 sequi
1037 761 1346 835 debuisse
1380 761 1570 857 quod
1603 760 1881 855 assequi
1909 761 2257 857 nequiret.
2590 781 3015 847 L.11,c.xxm,22.

498 890 863 964 Interdum
918 896 1155 963 tamen
1198 889 1703 968 irritatiorem‚
1774 893 2004 960 aetate
2057 887 2349 978 quidem
2406 907 2534 979 pro

400 1016 858 1089 excusatione
891 1015 1253 1094 adhibita,
1298 1020 1369 1088 et
1415 1012 1649 1085 verbis
1689 1013 2177 1104 asperioribus
2216 1019 2533 1086 utentem
2593 1045 2646 1093 L,
2676 1044 2775 1104 xv,
2804 1057 2848 1094 θ,
2877 1058 2945 1100 11,
2971 1049 3015 1104 7,

402 1160 480 1213 se
519 1141 851 1231 praebet;
893 1159 1088 1213 nunc
1121 1136 1675 1230 yrammaticum
1710 1137 2118 1231 quempiam
2144 1137 2436 1231 primae
2463 1136 2539 1205 in
2772 1112 2848 1156 ¹⁰·

399 1264 709 1335 docendo
754 1263 1177 1337 celebritatis
1239 1263 1523 1336 lacessit
1582 1264 1813 1335 ironia
1869 1270 1938 1336 et
1981 1262 2162 1335 facta
2208 1263 2540 1336 finitione
2599 1290 2652 1340 L.
2691 1289 2778 1349 vi,
2818 1303 2861 1340 ο.
2901 1304 3021 1350 xvn,

400 1389 611 1474 ludit,
666 1408 860 1462 nunc
911 1389 1392 1481 disputatores
1432 1389 1820 1460 clamantes
1864 1393 2542 1481 compuynantesque
2746 1366 2869 1415 ’Μ’

363 1511 771 1586 siastidiose
816 1513 1163 1604 relinquit
1206 1537 1222 1584 z
1270 1520 1586 1586 attamen
1631 1513 2020 1604 plurimum
2070 1514 2237 1586 colit
2293 1512 2538 1585 mode·
2600 1601 2611 1612 κ

408 1639 751 1710 rationem
794 1656 1097 1728 eamque
1139 1637 1433 1711 laudare
1475 1640 1683 1711 solet.
1741 1639 1990 1730 Itaque
2029 1637 2366 1711 assentiri
2423 1658 2545 1711 ne·
2634 1655 2686 1704 L.
2715 1654 2834 1715 x1v‚
2867 1668 2909 1704 ο.
2944 1669 2993 1707 v.

408 1780 591 1851 queo
630 1761 722 1834 iis
757 1762 881 1853 qui
919 1761 1258 1835 dixerunt
1294 1780 1457 1834 eum
1490 1762 1583 1834 ad
1622 1762 1919 1833 nimiam
1957 1770 2027 1835 et
2063 1763 2542 1853 promiscuam

406 1886 953 1964 admirationem
999 1894 1071 1960 et
1104 1887 1323 1958 simul
1354 1885 1446 1958 ad
1486 1888 1759 1978 injusta
1788 1885 1954 1959 odia
1985 1905 2293 1978 pronum
2325 1888 2547 1961 fuisse

407 2029 488 2083 ac
518 2011 1017 2101 jactantiorem
1060 2019 1130 2083 et
1180 2011 1667 2084 molestiorem
1718 2011 2196 2086 eruditionem
2239 2012 2303 2083 ei
2345 2012 2543 2103 obje-

410 2143 662 2209 cerunt
707 2132 831 2230 (1).

511 2263 882 2333 Praeterea
947 2279 1093 2333 non
1154 2259 1289 2333 fuit
1346 2261 1574 2333 Gellio
1629 2260 1875 2334 eadem
1946 2262 2389 2354 imaginandi
2444 2261 2550 2334 vis

413 2404 626 2476 quam
689 2385 935 2458 multis
997 2387 1153 2477 ejus
1219 2386 1693 2476 aequalibus,
1768 2386 1954 2459 inter
2013 2406 2195 2477 quos
2264 2386 2553 2459 fuerunt

413 2509 759 2600 Apuleius
799 2517 867 2583 et
906 2510 1263 2582 Lucianus
1312 2509 1748 2600 quibuscum
1808 2510 2096 2582 fortuito
2154 2511 2547 2592 consentit,

415 2653 546 2707 nec
574 2634 767 2726 apud
806 2653 967 2708 eum
1004 2634 1407 2707 uberiorem
1453 2634 1652 2725 illins
1697 2634 2103 2708 facundiam
2159 2642 2283 2707 ant
2336 2635 2553 2725 hujus

414 2759 870 2833 acerbitatem
909 2759 1236 2832 invenies
1271 2784 1287 2830 ε
1325 2778 1484 2832 cum
1520 2760 1806 2851 utrique
1836 2779 2081 2835 eorum
2120 2779 2335 2851 parva
2372 2759 2554 2832 fides

413 2890 524 2958 est
565 2883 943 2966 habenda,
990 2885 1185 2976 quod
1234 2902 1347 2957 res
1401 2905 1546 2957 non
1602 2904 1833 2976 aequo
1886 2885 2128 2957 animo
2180 2885 2391 2957 modo
2433 2884 2552 2957 de-

414 3016 740 3091 trectent,
776 3009 990 3082 modo
1023 3009 1492 3101 amplificent,
1520 3010 1792 3082 Gellius
1822 3010 2183 3092 credulus,
2212 3014 2290 3082 ut
2317 3009 2548 3091 aiunt,

416 3139 486 3205 et
528 3139 768 3206 mente
809 3133 1155 3225 simplex,
1211 3152 1355 3207 non
1407 3133 1572 3206 ficta
1611 3134 1738 3206 sed
1795 3153 1958 3206 vera
1984 3188 2002 3217 ,
2046 3134 2152 3205 vel
2193 3153 2376 3225 quae
2415 3134 2551 3204 sal-

417 3262 557 3329 tem
598 3276 763 3329 vera
797 3256 1021 3330 credit
1059 3274 1259 3338 esse.
1303 3266 1570 3330 narrat.
1610 3259 1782 3349 EJ'us
1835 3256 2052 3349 igitur
2104 3257 2548 3339 testimonia,

419 3399 833 3473 quanquam
857 3399 942 3454 ex
973 3383 1231 3454 alienis
1261 3378 1586 3455 fontibus
1611 3382 2002 3474 aliquando
2038 3388 2328 3473 sumpta
2352 3388 2549 3463 sunt,

419 3523 566 3577 non
620 3506 819 3598 parvi
875 3506 1263 3580 admodum
1308 3507 1651 3599 ponderis
1712 3525 1871 3581 esse
1919 3493 2277 3579 videntur.
2333 3508 2556 3578 Tanta

417 3628 609 3702 enim
651 3629 1062 3703 sinceritate
1095 3649 1272 3703 usus
1313 3637 1422 3704 est
1462 3637 1540 3703 ut
1574 3630 1782 3704 aliter
1817 3650 1900 3705 ea
1940 3650 2125 3723 quae
2164 3650 2248 3704 ex
2289 3647 2556 3703 memo-

422 3753 528 3825 ria
564 3754 859 3846 exponit
897 3774 979 3828 ac
1015 3774 1201 3848 quae
1231 3774 1316 3828 ex
1357 3754 1565 3828 libris
1607 3764 1938 3847 excerpta
1974 3757 2064 3828 ad
2107 3755 2403 3829 verbum
2447 3772 2554 3826 re-

418 3875 554 3952 fert
588 3885 658 3951 et
696 3897 780 3952 ea
827 3879 1093 3971 quibus
1141 3882 1297 3971 ipse
1348 3879 1674 3953 interfuit
1718 3882 2143 3972 plerumque
2196 3879 2554 3970 significa·

420 4001 600 4076 verit
647 4000 776 4097 (2).

484 4204 555 4268 (l)
582 4200 661 4254 Cf.
690 4203 909 4267 Teuffel,
940 4203 1037 4255 loe.
1067 4206 1153 4255 cit.

487 4292 553 4357 (2)
590 4290 670 4343 Cf.
701 4292 974 4355 Mercklim
1007 4307 1090 4360 op.
1120 4295 1206 4345 cit.
