3125 4959
1496 513 1816 574 ...ρο-

596 675 727 723 usu
758 649 1268 745 difficultatibus
1304 675 1321 722 ι
1361 650 1466 723 sic
1494 650 1871 724 Thersiten
1903 656 1973 722 et
2007 655 2437 739 quartanam
2473 644 2735 717 febrim

602 776 939 859 laudavit,
985 775 1060 848 id
1107 775 1398 866 quidem
1448 774 1686 865 lepide
1736 797 1753 844 ε
1806 791 2076 864 easque
2115 771 2367 844 laudes
2406 771 2485 842 in
2531 769 2739 841 libris

602 902 892 992 reliquit
930 920 1013 975 ac
1048 920 1176 993 pro
1217 901 1395 973 febri
1431 906 1792 972 auctorem
1829 899 2084 971 habuit
2125 898 2493 971 Platonem
2532 896 2739 987 cujus

600 1026 953 1117 exemplo,
998 1025 1584 1098 Academicorum
1624 1043 1848 1110 more,
1891 1024 1996 1095 uti
2038 1021 2537 1114 profitebatur.

704 1152 895 1223 Inter
938 1150 1429 1222 nobilissimos
1468 1151 1894 1222 Graecorum
1948 1149 2331 1239 scriptores
2379 1163 2735 1218 annume-

124 1290 173 1340 L·
208 1289 269 1348 Χ,
302 1303 345 1340 c.
378 1303 470 1350 ιω,
500 1293 550 1338 9·
607 1282 802 1348 ratur
848 1275 1265 1356 Favorinus,
1307 1273 1829 1346 memoriarum
1866 1279 2185 1343 veterum
2218 1268 2742 1364 exsequentissi-

605 1421 788 1480 mm,
831 1420 874 1472 a
914 1400 1167 1483 Gellio,
1220 1400 1342 1490 qui
1398 1418 1559 1473 eum
1603 1397 1876 1470 Romae
1909 1396 2312 1491 plurimum
2348 1394 2613 1468 sectari
2662 1413 2743 1468 se

126 1543 174 1590 ι..
200 1540 316 1598 xv1.
342 1553 383 1591 c.
409 1554 475 1602 ιιι,
503 1544 547 1588 1.
606 1523 804 1604 dicit,
840 1523 1102 1614 hisque
1133 1522 1471 1595 laudibus
1508 1542 1669 1595 eum
1705 1523 2167 1615 prosequitur
2202 1547 2218 1594 :
2256 1548 2286 1586 α
2315 1522 2490 1594 Cum
2525 1523 2746 1592 Favo-

611 1647 767 1718 rino
807 1646 962 1720 dies
1007 1648 1426 1738 plerumque
1474 1654 1662 1720 totos
1709 1666 1995 1720 eramus
2042 1671 2058 1718 :
2114 1646 2550 1736 tenebatque
2588 1645 2742 1715 ani-

612 1789 766 1843 mos
806 1778 1092 1844 nostros
1133 1772 1348 1844 homo
1383 1772 1505 1844 ille
1540 1772 1737 1844 fandi
1777 1772 2283 1853 dulcissimus;
2323 1778 2539 1861 atque
2578 1788 2738 1842 eum

611 1915 902 1989 quoquo
943 1898 1077 1970 iret
1116 1897 1325 1988 quasi
1371 1917 1455 1971 ex
1499 1896 1742 1989 lingua
1781 1916 2112 1989 prorsum
2150 1898 2304 1989 eJus
2352 1897 2537 1988 capti
2581 1913 2745 1987 pro-

613 2022 1095 2112 sequebamur
1130 2047 1147 2094 :
1192 2023 1291 2096 ita
1328 2021 1789 2095 sermonibus
1833 2039 2357 2113 usquequaque
2396 2020 2745 2093 amoenis-

613 2146 817 2219 simis
858 2147 1335 2221 demulcebat.
1379 2173 1410 2211 ιι

713 2270 830 2343 Sic
866 2289 1028 2344 eum
1070 2273 1144 2343 in
1182 2289 1467 2344 scenam
1499 2270 1772 2362 profert
1802 2270 1997 2362 apud
2030 2269 2744 2363 aegrumssquemdam

617 2414 776 2468 cum
832 2395 1125 2469 medicis
1177 2395 1265 2467 de
1315 2396 1549 2468 esurie
1601 2402 1672 2469 et
1724 2396 2043 2468 ciborum
2086 2395 2374 2469 fastidio
2424 2395 2749 2467 oratione

164 2541 213 2594 ι..
244 2537 364 2599 xvi,
395 2550 438 2588 ιι.
464 2547 534 2584 ιιι.
617 2537 863 2611 graeca
891 2516 1381 2609 affabilissime
1420 2521 1862 2610 loquentem,
1899 2521 2079 2592 alias
2118 2520 2499 2611 pulchrum
2533 2522 2748 2591 Favo-

622 2644 760 2714 rini
803 2662 1224 2735 responsum
1259 2644 1470 2718 refert
1507 2652 1579 2717 et
1613 2644 2089 2716 hortationem
2130 2645 2216 2717 de
2247 2645 2490 2735 pueris
2524 2664 2567 2716 a
2608 2662 2752 2716 ma-

214 2819 259 2852 ..
620 2775 727 2841 tre
763 2769 921 2859 ipsa
958 2769 1435 2842 enutriendis.
1483 2769 1613 2841 Hic
1662 2775 1731 2842 et
1768 2769 1842 2839 in
1880 2769 2128 2841 multis
2169 2770 2344 2841 locis
2383 2787 2539 2841 eam
2581 2769 2746 2860 phi-

620 2894 1085 2983 losophorum
1138 2912 1308 2965 suae
1357 2894 1612 2966 aetatis
1663 2893 2259 2966 consuetudinem
2300 2893 2749 2986 perspicuam

620 3018 784 3091 facit
818 3018 1090 3089 Gellius
1129 3036 1271 3108 qua
1309 3017 1415 3089 illi
1454 3036 1601 3090 non
1638 3018 1871 3090 solum
1917 3017 2295 3108 discipulis
2335 3018 2487 3090 suis
2519 3017 2754 3089 consi-

623 3144 718 3215 lia
767 3142 1180 3217 tribuebant
1227 3142 1354 3216 sed
1407 3143 1621 3215 etiam
1675 3142 1928 3215 domos
1980 3142 2380 3215 introibant
2431 3149 2500 3215 et
2539 3142 2754 3215 rebus

623 3267 1062 3354 domesticis,
1106 3268 1314 3359 quasi
1355 3267 1772 3349 familiares,
1812 3265 2404 3339 immiscebantur
2447 3261 2574 3358 (1).

722 3395 894 3465 Eam
947 3394 1122 3467 libet
1174 3392 1656 3466 hortationem
1719 3393 2131 3465 summatim
2182 3408 2541 3482 exponere
2594 3408 2755 3462 cum

626 3518 874 3590 multis
914 3517 1239 3608 partibus
1279 3518 1578 3590 Russaei
1619 3518 1847 3590 nostri
1890 3513 1985 3610 (2)
2032 3515 2505 3606 disputationi
2545 3515 2636 3588 de
2683 3533 2760 3586 re

226 3716 230 3721 .
629 3643 876 3717 eadem
934 3643 1028 3714 sit
1079 3641 1369 3716 similis.
1427 3669 1457 3707 ιι
1510 3642 1682 3715 Sine
1735 3658 1892 3716 eam
1951 3648 2195 3723 totam,
2247 3640 2511 3732 inquit,
2576 3640 2759 3711 inte-

174 3802 547 3864 1..x1,c.1,a.
630 3786 827 3862 gram
857 3785 1017 3840 esse
1051 3775 1351 3841 matrem
1381 3767 1511 3840 filii
1545 3768 1659 3841 sui
1689 3766 1818 3862 (5).
1858 3795 1888 3832 ι
1932 3767 2109 3840 Inde
2142 3773 2562 3860 argumenta
2592 3783 2760 3838 con-

694 4040 759 4105 (1)
786 4037 872 4094 Cf.
900 4038 1290 4100 Friedlaender‚
1319 4053 1398 4105 op.
1429 4039 1536 4099 cit„
1571 4052 1623 4101 p.
1655 4037 1766 4088 411.
1799 4064 1857 4075 -
1884 4035 1937 4086 J.
1970 4034 2151 4095 Deum,
2185 4035 2408 4086 Histoire
2434 4036 2520 4085 des
2550 4033 2765 4085 theoria

631 4138 675 4180 et
698 4130 781 4179 des
803 4132 941 4180 ἰαύει
973 4128 1189 4178 morales
1216 4130 1351 4178 dans
1379 4126 1690 4189 l'amiquite‘,
1722 4132 1757 4176 t.
1792 4125 1864 4182 11,
1897 4141 1946 4189 p.
1980 4124 2059 4185 67,
2093 4123 2174 4186 68,
2204 4123 2314 4174 146.

691 4218 763 4281 (2)
791 4215 916 4271 J.-J.
945 4217 1235 4279 Rousseau,
1263 4216 1444 4266 Emile.

698 4304 762 4368 (3)
797 4303 978 4366 Dema,
1005 4318 1091 4368 op.
1120 4306 1231 4366 cit„
1265 4308 1304 4353 t.
1337 4302 1408 4363 11,
1436 4317 1488 4367 p.
1525 4301 1630 4353 132.
