3125 4959
1279 473 1559 534 ...5.-

348 610 522 681 dum
574 610 851 702 ingenii
898 612 1168 683 cultum
1222 619 1653 684 concesserat
1707 613 1979 686 Gellius
2030 613 2477 705 Athenisque
2533 624 2874 687 Lib.1,c.u‚
2908 631 2956 675 1-

352 738 736 809 Calvisium
780 740 1086 809 Taurum
1131 746 1200 811 et
1241 739 1589 811 Herodem
1632 738 1940 811 Atticum
1976 739 2476 831 philosophiae

350 864 948 954 eloquentiaeque
994 871 1486 955 praeceptores
1544 865 1824 936 hahuit.
1880 866 2033 950 Quo
2087 882 2249 937 vero
2306 871 2479 937 tem-

349 1007 520 1080 pore
560 989 877 1061 Athenas
921 990 1203 1062 venisse
1248 989 1571 1062 videatur
1614 992 2178 1080 explanaverunt
2228 998 2296 1063 et
2336 999 2474 1063 sta«

350 1121 642 1185 tuerunt
691 1113 811 1203 qui
865 1115 1077 1186 vitam
1129 1115 1336 1186 Gellii
1379 1115 1781 1187 describere
1827 1123 1895 1187 et
1943 1116 2018 1185 in
2060 1134 2289 1187 annos
2331 1115 2476 1187 dis-

349 1237 661 1310 tribuere
716 1241 948 1312 conati
1002 1248 1211 1322 sunt,
1269 1258 1574 1331 quorum
1630 1241 1718 1312 ad
1775 1240 2185 1312 testimonia
2232 1240 2472 1313 reterri

347 1363 682 1436 conducit
727 1360 855 1457 (1).

446 1490 702 1561 Omnia
742 1489 886 1562 fere
928 1510 1112 1580 quae
1152 1490 1238 1563 de
1286 1494 1515 1563 Tauro
1566 1493 1896 1564 novimus
1938 1512 1978 1563 a
2018 1492 2243 1564 Gellio
2292 1492 2479 1565 didi-

348 1614 575 1685 cimus
628 1612 720 1707 (2)
765 1615 888 1705 qui
928 1618 1234 1687 Taurum
1273 1639 1481 1685 suum
1519 1617 1690 1689 dicit
1730 1619 2034 1708 ejusque
2069 1617 2477 1709 frequenter
2536 1621 2633 1671 Lib·
2667 1622 2701 1679 1,
2735 1635 2775 1672 e·
2806 1635 2872 1675 u.
2912 1635 2932 1663 ἢ

348 1757 506 1810 cum
553 1740 1008 1812 veneratione
1048 1742 1486 1814 mentionem
1528 1743 1718 1815 facit.

447 1865 578 1949 Qui
652 1866 1154 1956 Pythagoricae
1223 1868 1687 1958 disciplinae,
1760 1887 1973 1959 saepe
2039 1876 2284 1942 nostro
2351 1888 2474 1941 au-

349 1989 612 2070 diente,
659 1990 1000 2062 rationem
1046 2010 1403 2082 exponere
1442 1993 1845 2076 etlaudare
1883 1994 2203 2080 solebat,
2248 2013 2475 2085 eaque

352 2114 761 2187 laudatione
806 2114 1380 2189 adolescentulos
1430 2118 1608 2189 istos
1658 2119 2056 2209 vituperare
2116 2147 2146 2183 «
2202 2119 2325 2207 qui
2379 2119 2470 2189 le·

350 2258 503 2331 gem
573 2240 748 2311 dant
815 2260 956 2329 qua
1004 2242 1518 2333 'philosophari
1590 2242 1906 2325 discant,
1971 2270 1999 2305 »
2082 2243 2205 2333 qui
2275 2240 2368 2335 (5)
2434 2263 2476 2313 a
2531 2245 2932 2305 ¹³·120·1x›³i-=··

348 2364 723 2459 Symposio
761 2365 1085 2438 Platonis
1120 2366 1435 2459 incipere
1472 2367 1782 2460 yestz‘unt
1812 2374 2121 2463 propter
2165 2366 2474 2439 Alcibia-

349 2490 485 2561 dae
531 2491 1156 2561 commissationem
1203 2502 1328 2565 aut
1378 2516 1425 2563 a
1480 2492 1823 2563 Phaedro
1865 2500 2167 2586 propter
2217 2491 2477 2587 Lysiae

347 2622 774 2698 orationem,
821 2619 926 2690 vel
976 2619 1187 2691 etiam
1232 2620 1598 2691 Platonem
1641 2620 1912 2711 legere,
1954 2639 2097 2691 non
2137 2639 2279 2712 ,quo
2326 2641 2474 2688 me-
2550 2652 2561 2668 ·

348 2742 558 2813 liores
608 2742 1187 2836 modestioresque
1238 2744 1416 2816 fiant
1447 2744 1597 2816 'sed
1647 2745 1979 2816 facundia
2020 2744 2375 2815 uberiores
2413 2751 2475 2815 et

353 2867 750 2961 lepidiores.
813 2871 999 2941 Haec
1058 2870 1521 2944 memorando
1576 2869 1845 2942 Gellius
1906 2870 2222 2943 ostendit
2273 2889 2353 2942 se
2408 2878 2477 2941 et

409 3190 479 3253 (l)
514 3190 898 3255 Friedlaender,
932 3194 1113 3244 Moeurs
1141 3196 1415 3254 romaines,
1446 3209 1498 3257 p.
1534 3194 1639 3244 146.
1673 3193 1753 3243 Cf.
1794 3193 1977 3258 Vogel,
2010 3197 2077 3244 De
2114 3196 2226 3245 Vita
2246 3204 2289 3245 et
2321 3196 2479 3258 scrip-

354 3279 437 3333 tis.
466 3306 524 3317 -
557 3279 943 3338 Friedlaender‚
973 3284 1269 3333 Dissertatio
1294 3286 1354 3333 de
1384 3286 1448 3335 A.
1481 3284 1633 3334 Gellii
1661 3285 1795 3333 vitae
1825 3286 2148 3349 temporibus.
2173 3313 2231 3321 -—
2257 3285 2476 3338 Teuffel.

353 3387 434 3437 op.
463 3375 570 3434 cit„
600 3389 653 3437 p.
683 3372 852 3424 4344.
1569 3410 1578 3413 -

414 3462 481 3525 (2)
513 3460 591 3511 Cf.
626 3463 754 3511 Dict.
787 3464 871 3511 des
898 3477 966 3513 sc.
1004 3464 1294 3529 philosoph.
1316 3502 1329 3525 ‚
1368 3480 1419 3527 p.
1466 3465 1599 3514 1707.
1637 3465 1836 3527 Ritter,
1870 3467 1992 3516 Hist.
2028 3468 2087 3515 de
2116 3466 2168 3516 la
2204 3468 2291 3531 ph.
2326 3482 2442 3518 ane.
2466 3506 2477 3528 ,

351 3558 394 3601 t.
431 3550 526 3611 IV,
557 3566 608 3614 p.
639 3551 730 3601 200
759 3572 769 3599 :
807 3574 826 3594 n
859 3552 941 3603 On
977 3567 1110 3603 nous
1141 3556 1284 3617 parle
1312 3555 1436 3604 ‹l'un
1468 3556 1806 3618 platonieien,
1838 3557 2023 3619 appele
2052 3553 2314 3607 Calvisius
2340 3556 2481 3607 Tau·

352 3658 461 3703 τηε,
485 3645 575 3706 qui
598 3645 849 3705 enseigna
878 3645 906 3690 a
932 3644 1183 3701 AtheneS,
1210 3658 1334 3693 sous
1359 3643 1600 3694 Antonin
1628 3646 1675 3693 le
1704 3644 1871 3695 Pieux
1896 3646 1986 3708 (cf.
2014 3645 2225 3705 Friedl„
2251 3647 2477 3703 Dissert„

352 3749 402 3797 p.
445 3734 522 3793 5),
564 3737 616 3782 et
657 3734 749 3797 qui
795 3733 984 3785 ecrivit
1025 3748 1117 3783 sur
1149 3735 1199 3782 la
1231 3734 1515 3784 differenee
1555 3740 1704 3785 entre
1745 3734 1822 3784 les
1860 3735 2129 3784 doctrines
2165 3735 2229 3784 de
2266 3734 2477 3788 Platon.

350 3821 639 3872 d'Aristote
667 3828 720 3873 et
749 3823 844 3873 des
874 3824 1143 3874 stoicienS.
1171 3821 1279 3874 Son
1308 3824 1547 3887 disciple,
1578 3823 1921 3887 Aulu-Gelle,
1953 3838 2087 3873 nous
2116 3838 2181 3873 en
2210 3840 2241 3873 a
2268 3825 2481 3874 raconte

353 3912 618 3974 plusieurs
644 3912 1037 3975 particularites
1061 3914 1150 3975 qui
1177 3915 1435 3962 semblent
1462 3926 1689 3976 prouver
1718 3912 1842 3975 qu'il
1875 3927 1939 3960 ne
1970 3913 2146 3961 devait
2169 3926 2261 3975 pas
2291 3913 2478 3974 proce-

353 3999 444 4049 der
472 4014 595 4050 sans
625 4003 896 4065 jugement
927 4001 1059 4051 dans
1089 4016 1173 4051 ses
1205 4001 1612 4052 commentaires
1643 4015 1736 4051 sur
1764 4003 1843 4051 les
1871 4014 2132 4065 ouvrages
2162 4001 2225 4049 de
2255 3999 2443 4049 Platon
2463 4036 2475 4058 ,

353 4089 485 4139 mais
509 4090 635 4153 qu'il
663 4106 702 4153 y
733 4092 1058 4151 committant,
1094 4105 1156 4139 en
1182 4106 1240 4140 sa
1265 4091 1461 4153 qualite
1491 4089 1556 4138 de
1582 4090 1921 4153 platonieien.
1953 4092 2030 4140 les
2056 4090 2323 4138 doctrines
2348 4088 2478 4150 peri-

355 4180 620 4241 patetique
647 4185 700 4227 et
727 4182 949 4241 sto'iquo.
987 4199 1012 4222 n

419 4267 482 4329 (3)
513 4266 594 4316 cf.
627 4266 1016 4330 Friedlaender,
1049 4272 1231 4319 iiloeurs
1262 4270 1534 4329 romeiam,
1572 4285 1621 4331 p.
1654 4268 1762 4315 423.
