3125 4959
1474 488 1789 547 ...44—

481 667 493 695 -,
589 631 810 687 [fl-‘tull‘
848 619 922 692 in
962 625 1116 712 ejus
1155 623 1854 696 commentationibus
1891 627 2134 699 inesse
2174 627 2718 709 obscuritatem,

581 743 774 815 addit
808 751 1045 820 tamen
1082 773 1099 820 ε
1151 776 1179 812 ‹
1217 749 1697 827 doctrinarum
1735 752 2286 825 multiformium
2322 760 2726 826 variarum-

585 887 718 959 que
757 873 1010 947 artium
1047 874 1308 966 quibus
1344 877 1757 948 humanitas
1806 878 2087 949 erudita
2138 887 2249 951 est
2299 880 2621 951 culmina
2673 909 2706 943 ›

585 999 802 1071 [sair-ae
827 1001 917 1073 M.
958 1005 1336 1075 Varronem
1371 1004 1537 1075 etP.
1573 1004 1964 1094 Nigidium.
2000 1005 2139 1077 Sed
2174 1006 2367 1096 apud
2402 1006 2717 1078 Gellium

583 1123 1083 1200 live-iderantur
1115 1147 1295 1219 quae
1329 1129 1524 1199 illius
1556 1129 1948 1219 patefacere
1982 1130 2523 1221 philosophiam
2560 1115 2724 1222 p'os·

577 1259 765 1335 aaut.
810 1255 931 1344 qui
979 1256 1478 1348 Pythagoricus
1520 1263 1589 1326 et
1628 1273 1875 1346 magus
1916 1254 2179 1327 dicitur
2210 1257 2569 1347 cujusque
2609 1277 2720 1328 co-

573 1397 883 1472 gnomen
943 1381 1374 1471 astrologum
1434 1378 1920 1470 significabat,
1976 1379 2247 1470 quippe
2308 1400 2469 1452 cum
2536 1382 2719 1453 coeli

577 1515 849 1579 rnatum
890 1526 1047 1579 cum
1089 1504 1426 1595 figulinae
1470 1512 1662 1575 rotae
1710 1512 1909 1575 motu
1958 1513 2430 1595 compararet.
2476 1506 2719 1577 Nobili

577 1649 830 1719 [gaulere
869 1640 1078 1704 natus
1118 1631 1688 1720 optimatumque
1723 1637 1958 1719 partes
1990 1637 2307 1713 seculuS‚
2344 1631 2434 1701 ad
2468 1632 2720 1723 Pytha-

573 1779 785 1847 gnrae
835 1756 1288 1847 disciplinam
1347 1754 1697 1827 inclinare
1750 1762 2005 1825 natura
2058 1755 2368 1828 debehat
2424 1765 2495 1827 et
2554 1777 2714 1829 cum

577 1903 856 1956 ahalma
901 1883 1038 1956 fide
1079 1889 1147 1954 et
1180 1890 1329 1953 arte
1369 1882 1572 1959 mira,
1613 1898 1752 1950 non
1788 1880 1945 1950 sine
1976 1882 2385 1971 praestigiis
2419 1882 2720 1971 quibus-

577 2019 765 2087 dam.
809 2011 882 2082 in
920 2007 1369 2083 orationihus
1410 2005 1563 2078 suis
1599 2023 1743 2075 uon
1784 2004 2027 2075 minus
2062 2024 2279 2094 quam
2313 2006 2389 2077 iu
2429 2008 2717 2099 scriptis

573 2141 657 2207 ml
709 2139 998 2209 deorum
1051 2140 1119 2204 et
1161 2150 1394 2203 rerum
1438 2138 1765 2201 naturam
1810 2130 2380 2219 pertinentihuS,
2430 2150 2714 2205 concre-

581 2279 717 2335 tam
761 2283 796 2335 e
852 2258 1368 2335 diversissimis
1419 2256 1795 2327 elementis
1850 2254 2246 2326 doctrinam
2299 2257 2632 2347 exposuit
2698 2282 2713 2328 :

577 2411 713 2479 qna
753 2392 1027 2459 constat
1047 2384 1326 2455 animos
1356 2380 1729 2453 hominum
1765 2381 1870 2450 vel
1900 2379 2483 2452 doctissimorum
2520 2383 2720 2472 peni·

585 2523 689 2583 lne-
733 2514 1124 2583 commotos
1167 2504 1388 2575 fuisse
1433 2499 1558 2596 (l).
1609 2502 2086 2588 Quamobrem
2130 2522 2275 2573 non
2320 2504 2581 2575 mirum
2611 2513 2722 2577 est

585 2639 773 2727 quud
825 2633 1096 2707 Gellius
1151 2631 1215 2702 ei
1285 2627 1488 2701 valde
1549 2627 1945 2710 studuerit,
2019 2628 2239 2699 insita
2306 2629 2720 2702 curiositate

585 2763 980 2851 impulsus,
1017 2775 1148 2828 nec
1186 2763 1420 2827 tamen
1463 2753 1658 2823 illam
1711 2751 2171 2822 multifariam
2221 2761 2290 2825 et
2339 2772 2424 2824 ex
2479 2753 2711 2843 pluri-

586 2891 717 2959 hua
761 2890 1085 2959 haustam
1129 2880 1393 2953 scholis
1449 2877 2021 2968 philosophiam,
2069 2876 2143 2947 in
2197 2896 2412 2968 quam
2467 2880 2715 2971 pytha-

585 3028 954 3103 goreorum
1011 3015 1079 3079 et
1132 3004 1654 3097 platonicorum
1720 3004 2022 3093 placita,
2084 3022 2497 3093 graecorum
2566 3005 2716 3095 opi-

589 3143 839 3211 niones
882 3133 1284 3223 traditaque
1309 3111 1607 3201 orientis
1640 3128 2029 3208 coiverunt,
2071 3130 2547 3219 penetraverit
2581 3127 2710 3223 (2).

1150 3415 1221 3482 7⁰
1261 3408 1373 3479 De
1425 3406 1750 3479 Terentio
1802 3404 2155 3477 Varrone.

697 3699 942 3787 Magna
1026 3698 1211 3763 certe
1288 3687 1419 3761 luit
1495 3690 1573 3759 T.
1653 3686 1995 3758 Varronis
2082 3686 2423 3769 scientia,
2504 3706 2718 3777 quem

597 3827 835 3895 Cicero
868 3815 1230 3911 praedicat
1257 3812 1612 3883 hominem
1647 3810 1961 3881 omnium
1990 3810 2212 3904 facile
2239 3811 2724 3882 acutissimum

661 4139 725 4191 [Ιῖτ
753 4131 829 4184 Gr.
861 4129 1156 4181 Mommsen
1183 4131 1238 4178 et
1258 4125 1482 4187 Teuffel,
1512 4123 1605 4175 loc.
1635 4124 1722 4174 cit.
1756 4149 1811 4161 --
1844 4122 2173 4182 Renouvier,
2208 4122 2347 4172 Han.
2376 4122 2438 4171 de
2463 4120 2551 4189 ph.
2582 4134 2723 4178 ane..

601 4239 637 4275 t.
673 4227 733 4279 ll.
769 4243 816 4287 p.
845 4222 957 4273 234.

661 4315 725 4375 μ’]
761 4313 839 4365 [31.
872 4311 1052 4368 DeniS,
1082 4323 1164 4376 op.
1196 4307 1252 4370 l.,
1283 4310 1321 4359 t.
1357 4307 1397 4368 Ι,
1429 4321 1479 4371 p.
1515 4303 1627 4355 257.
1711 4322 1717 4325 ·
