3125 4959
1280 508 1342 516 .--
1396 472 1470 535 45
1516 506 1593 521 ....

367 620 436 685 et
470 612 622 681 sine
654 612 795 681 ulla
835 609 1263 681 dubitatione
1299 605 1780 681 cloctzssimum
1820 607 1949 703 (1),
1996 611 2120 701 qui
2151 610 2239 682 de
2271 600 2499 700 gram·

368 738 662 821 matina,
743 738 1056 819 musica,
1132 737 1473 818 historia,
1547 734 1977 827 geometria,
2042 735 2505 827 philosophia

369 865 691 938 tractavit
745 864 1014 955 quique
1072 863 1162 936 de
1223 863 1589 943 moribus,
1656 861 1743 934 de
1810 862 1991 949 diiS,
2066 862 2155 935 de
2224 863 2503 955 legibus

368 990 562 1060 varia
613 1008 829 1079 opera
884 990 1213 1080 scripsit,
1271 989 1396 1079 qui
1443 1007 1739 1079 prorsus
1781 1006 2032 1060 omnes
2082 987 2505 1079 disciplinas

367 1116 740 1205 amplexus
801 1122 931 1186 est.
987 1114 1154 1186 Ideo
1195 1114 1355 1186 eum
1389 1168 1406 1196 ‚
1458 1120 1535 1184 ut
1573 1114 1718 1203 jam
1768 1113 1890 1184 alii
1942 1113 2209 1203 quibus
2246 1132 2499 1186 assen-

368 1240 484 1310 tiri
526 1239 699 1311 libet
737 1240 1432 1320 demonstraverunt,
1465 1239 1672 1329 juxta
1707 1238 2069 1330 Nigidium
2110 1237 2506 1311 admiratur

366 1370 436 1437 et
474 1364 716 1436 laudat
756 1365 1027 1437 Gellius
1070 1361 1201 1459 (2).
1274 1390 1279 1395 ·

465 1490 700 1562 Refert
734 1508 917 1580 quae
957 1490 1045 1562 de
1086 1490 1474 1581 septenarii
1511 1490 1792 1563 numeri
1835 1489 1901 1563 vi
1948 1486 2043 1582 (5)
2105 1497 2174 1562 et
2229 1496 2510 1580 septen-

369 1614 624 1687 trionis
704 1616 1130 1708 etymologia
1183 1615 1530 1699 senserit,
1602 1615 2102 1707 nonnullaque
2168 1632 2353 1706 quae
2420 1612 2509 1686 de

367 1741 613 1831 lingua
659 1749 729 1813 et
764 1759 1096 1813 sermone
1138 1740 1319 1812 dixit
1357 1741 1522 1823 ille,
1566 1739 1838 1811 doctior
1865 1762 2083 1832 quam
2120 1739 2261 1832 fuit
2297 1737 2508 1809 Clau-

368 1864 528 1934 dius
562 1887 721 1936 cum
757 1862 1018 1937 Coeli0.
1062 1866 1379 1938 Varrone
1417 1866 1609 1937 enim
1645 1873 1714 1938 et
1744 1865 2027 1957 Nigidio
2059 1865 2502 1948 auctoribus,

370 1991 764 2082 philologia
847 1991 1114 2079 latina,
1211 2012 1251 2062 a
1331 1992 1626 2083 Stylone
1713 1991 2037 2080 incepta,
2114 1991 2505 2082 plurimum

370 2115 592 2207 viguit
636 2140 652 2186 z
698 2123 770 2188 at
809 2124 993 2187 recte
1030 2136 1072 2187 a
1124 2115 1559 2208 quibusdam
1605 2115 2232 2208 reprehenduntur
2271 2122 2339 2187 et
2380 2134 2506 2206 pro

370 2242 652 2313 insanis
712 2240 997 2312 habitae
1053 2248 1224 2312 sunt
1277 2241 1745 2332 etymologiae
1784 2258 2126 2312 sonorum
2170 2238 2506 2311 similitu·

375 2365 543 2437 dine
602 2365 941 2438 definitae
990 2385 1169 2456 quas
1226 2366 1466 2437 citavit
1516 2366 1675 2437 sine
1716 2365 1858 2437 fere
1897 2365 2043 2437 ullo
2092 2364 2509 2437 discrimine

375 2489 645 2560 Gellius
703 2486 830 2583 (4).
885 2489 1095 2561 Plura
1144 2491 1335 2581 apud
1384 2509 1544 2562 eum
1599 2490 1940 2562 Varronis
1989 2490 2287 2581 legenda
2339 2497 2510 2562 sunt

375 2632 559 2703 quae
602 2614 692 2686 ad
732 2615 1264 2706 grammaticam
1317 2635 1531 2706 quam
1576 2616 1666 2687 ad
1720 2616 2253 2707 philosophiam
2312 2634 2508 2706 spec-

376 2745 529 2809 tant
589 2762 605 2807 :
659 2739 747 2809 ad
801 2739 984 2811 hanc
1037 2748 1273 2812 tamen
1336 2729 1650 2831 quodam
1720 2738 1934 2812 modo
1999 2740 2362 2831 pertinent
2428 2759 2520 2818 ea

376 2862 642 2952 quihus
683 2864 1109 2954 geometriae
1163 2865 1535 2938 utilitatem
1586 2864 2032 2938 demonstrat
2070 2873 2139 2936 et
2188 2883 2374 2955 quae
2424 2865 2512 2936 de

375 2987 661 3060 Socrate
699 2996 938 3060 narrat
978 2990 1101 3080 qui
1133 2991 1528 3082 Xan-tippes
1560 2992 1807 3063 uxoris
1839 2991 2336 3069 contumelias,
2369 3008 2511 3080 quo

377 3112 630 3183 melior
672 3111 872 3184 fieret
903 3113 1082 3205 ipse,
1127 3115 1381 3197 leniter
1413 3115 1685 3187 ferebat
1722 3139 1737 3186 :
1774 3115 2085 3187 addebat
2115 3117 2191 3185 T.
2230 3111 2449 3186 Varro
2491 3140 2505 3185 :

388 3263 416 3301 ι
487 3238 756 3309 Vitium
823 3230 1072 3310 uxoris
1137 3247 1261 3311 aut
1328 3239 1725 3311 tollendum
1789 3247 1911 3311 aut
1982 3238 2399 3319 ferendum,
2471 3265 2501 3301 ι

439 3547 507 3607 (l)
530 3546 660 3608 Cic„
693 3550 836 3598 Brut.
865 3550 1022 3598 Acad.
1053 3557 1180 3613 post,
1213 3551 1250 3607 Ι.
1286 3550 1330 3601 9.
1368 3576 1420 3587 ·-·
1455 3547 1620 3599 Mont.
1657 3569 1667 3596 ε
1703 3569 1728 3595 α
1762 3547 1932 3598 Varro
1960 3552 2123 3611 ayant
2154 3552 2279 3597 tenu
2311 3550 2357 3598 le
2396 3563 2512 3612 pre-

371 3636 506 3686 mier
530 3651 661 3699 rang
685 3651 750 3687 en
780 3639 1164 3702 scavoirentre
1195 3640 1268 3687 les
1297 3639 1550 3688 Romains
1578 3656 1603 3683 n
1726 3659 1749 3683 «
1780 3637 1946 3688 Varro
1976 3641 2022 3687 le
2050 3640 2171 3702 plns
2198 3640 2359 3688 subtil
2390 3644 2441 3690 et
2466 3642 2515 3689 le

252 3778 259 3782 ,
371 3728 493 3791 plus
521 3733 737 3791 scavant
765 3735 954 3777 auteur
981 3730 1130 3777 latin.
1165 3748 1186 3772 υ
1223 3730 1435 3791 (Εεεαίε,
1470 3730 1503 3777 l.
1541 3728 1611 3787 11,
1644 3743 1690 3778 c.
1728 3730 1839 3791 xri.)
1862 3757 1919 3765 -—
1945 3729 2197 3787 Boissier,
2231 3729 2395 3779 Etude
2427 3743 2517 3779 sur

373 3816 426 3865 la
453 3818 535 3866 vie
566 3825 608 3866 et
639 3817 705 3867 les
734 3831 976 3881 ouvrages
1006 3820 1066 3868 de
1097 3820 1148 3869 Τ.
1185 3819 1411 3873 Vari-ort.
1447 3818 1594 3881 1861,
1626 3819 1716 3868 ubi
1758 3820 2065 3883 fragmentis
2101 3818 2259 3868 Gellii
2289 3820 2515 3868 multum

374 3919 507 3955 usus
534 3912 632 3956 est.

439 3995 505 4057 (ἲ)
541 3994 856 4054 Mommsen,
891 4001 927 4046 t.
962 3995 1102 4052 V11.
1137 4013 1186 4061 p.
1220 3997 1306 4047 341
1344 4001 1397 4047 et
1427 4012 1534 4060 seq.
1580 4024 1638 4032 —
1668 3997 1899 4059 Teuffel,
1929 4003 1971 4048 t.
2010 3997 2057 4058 I,
2099 4013 2149 4061 p.
2188 3995 2417 4046 274-275.
2453 4022 2510 4033 ·-

376 4082 574 4141 Ruske,
603 4100 654 4148 p.
687 4085 764 4135 21.

437 4173 506 4237 (3)
535 4172 785 4234 Boissier,
815 4189 896 4240 op.
929 4176 1037 4238 cit„
1071 4192 1121 4240 p.
1155 4176 1263 4226 345.

434 4261 504 4325 (4)
528 4261 839 4321 Mommsen,
870 4265 1021 4322 ibid„
1048 4279 1101 4334 p.
1131 4264 1240 4315 367.

2617 1508 2670 1558 L.
2700 1509 2780 1570 111,
2812 1522 2853 1561 c.
2885 1522 2936 1561 x.

2604 1626 2657 1676 L.
2688 1625 2747 1687 11,
2780 1638 2822 1676 c.
2852 1639 2956 1676 xxi-

2597 1877 2650 1927 L.
2681 1876 2738 1938 X,
2770 1888 2812 1926 c.
2843 1890 2876 1938 1,
2910 1883 2952 1927 «t.

2564 2260 2616 2312 L.
2648 2260 2790 2319 xvn,
2819 2274 2862 2310 c.
2894 2275 2992 2311 nl.

2627 2350 2685 2360 —-
2713 2323 2793 2385 111,
2822 2336 2865 2374 c.
2891 2337 2992 2372 xm.

2567 2889 2617 2939 L.
2642 2888 2760 2949 xvi,
2790 2900 2833 2939 c.
2853 2901 2988 2937 wi.
