3125 4959
30 607 77 658 l..
105 609 183 666 vl.
209 619 250 657 c.
275 621 377 663 vm.
406 613 450 658 2.

87 697 145 708 -
167 669 239 720 CL
269 671 386 732 xvi,
409 684 450 720 c.

89 747 192 784 xix.

65 1473 111 1523 L,
145 1473 259 1534 vul,
290 1487 332 1524 c.
361 1487 427 1525 vr.

33 2221 81 2270 L.
115 2221 158 2282 l,
195 2234 235 2274 c.
267 2233 343 2280 ιιι,
385 2223 455 2272 12.

35 2604 83 2654 L.
119 2605 163 2662 l,
196 2617 239 2654 c.
271 2617 347 2664 ιιι,
380 2609 456 2652 22.

37 2731 86 2780 L.
117 2731 162 2790 1,
195 2743 236 2782 c.
269 2744 346 2790 ιιι,
380 2733 453 2779 29.

31 3217 456 3279 l..1v,c.1x‚4‚tt0.

147 3599 195 3651 1..
229 3599 346 3648 vul.

1417 435 1737 520 ..evc-

509 577 770 651 habere
815 577 910 673 (l)
952 584 1023 650 et
1046 577 1432 668 delphinos
1459 582 1811 647 ainatores
1838 595 1980 646 esse
2010 576 2641 667 smyrantissimos.

511 704 662 776 Illis
704 703 918 776 rebus
959 702 1381 793 simpliciter
1414 702 1659 774 relatis
1689 720 1767 774 se
1802 701 1993 774 bona
2032 702 2176 775 fide
2212 722 2371 775 esse
2409 709 2646 774 osten-

509 829 617 901 dit
646 847 860 920 quam
900 829 977 900 in
1024 826 1461 919 praefatione
1498 826 1899 919 profitetur.

611 953 756 1026 Hoc
791 953 1003 1058 'titulo
1040 953 1460 1044 inscriptum
1512 960 1664 1024 erat
1710 960 1989 1025 sextum
2049 954 2273 1025 octavi
2324 953 2488 1024 libri
2529 972 2641 1023 ca·

509 1087 638 1172 put
681 1103 697 1150 :
746 1103 781 1145 «
827 1097 983 1151 cum
1025 1083 1187 1169 post
1225 1077 1786 1148 offensiunculas
1826 1078 1900 1147 in
1940 1078 2235 1168 gratiam
2278 1076 2639 1157 redeatur,

510 1204 1123 1298 expostulationes
1182 1202 1335 1275 fieri
1397 1209 1684 1274 mutuas
1737 1203 2032 1275 minime
2087 1204 2262 1276 utile
2314 1222 2473 1274 esse
2514 1215 2640 1272 su-‘

514 1348 782 1424 perque
820 1348 903 1402 ea
943 1349 1016 1401 re
1067 1336 1135 1401 et
1189 1346 1424 1400 sermo
1477 1328 1688 1399 Tauri
1748 1327 2120 1419 expositus
2170 1337 2240 1400 et
2293 1328 2504 1400 verba
2557 1345 2644 1398 ex

513 1455 983 1546 Theophrasti
1028 1453 1210 1525 libro
1246 1459 1556 1542 sumpta.
1595 1478 1625 1515 n
1671 1452 1901 1525 Facile
1935 1453 2188 1542 conjici
2222 1458 2457 1544 potest
2485 1453 2646 1523 Gel-

519 1579 690 1651 lium
751 1596 879 1669 pro
935 1576 1258 1649 moribus
1318 1578 1469 1648 sui's
1533 1576 1949 1648 benevolam
2001 1587 2310 1649 mentem
2366 1578 2441 1648 in
2497 1576 2646 1647 illis

513 1703 959 1777 exhibuisse.
1027 1703 1212 1789 ‚Num
1286 1703 1491 1775 liceat
1556 1702 1948 1792 aliquando
2015 1702 2244 1775 amico
2310 1722 2440 1795 pro
2510 1722 2642 1774 suo

512 1829 740 1901 amico
788 1834 1033 1901 contra
1088 1845 1354 1899 morem
1409 1844 1616 1918 agere
1664 1826 1925 1899 clarius
1984 1835 2053 1899 et
2103 1827 2640 1918 abundantius,

516 1961 694 2028 teste
733 1954 986 2035 Gellio,
1039 1952 1414 2044 inquisivit
1452 1951 1987 2041 Theophrastus
2042 1970 2257 2043 quam
2298 1947 2640 2023 Tullius:

516 2078 1009 2171 quaestionem
1070 2078 1268 2150 enim
1333 2077 1421 2149 de
1499 2094 1643 2167 qua
1721 2077 2023 2149 multum
2100 2076 2648 2168 disputaverunt

518 2205 971 2298 philosophi,
1029 2202 1270 2275 Cicero
1318 2201 1576 2293 paucis
1651 2206 1931 2270 tantum
2001 2199 2230 2270 uerbis
2286 2200 2641 2271 delibavit.

518 2331 853 2418 Queritur
888 2338 1126 2402 tamen
1161 2329 1433 2408 Gellius
1470 2327 1664 2419 quod
1695 2328 2231 2419 Theophrastus
2268 2327 2651 2418 yeneribus

514 2477 766 2526 rerum
798 2454 1206 2524 summatim
1247 2453 1771 2546 universimque
1820 2459 2068 2523 utatur
2116 2475 2245 2524 nec
2296 2435 2649 2524 directum

515 2586 724 2674 atque
761 2584 1192 2672 perpetuum
1231 2576 1774 2670 distinctumque
1820 2577 2120 2671 singulis
2169 2578 2374 2650 rebus
2420 2599 2644 2671 prae-

518 2711 795 2799 cepium
834 2709 1201 2796 empromat
1248 2700 1342 2796 (Ξ)
1398 2728 1413 2774 :
1461 2702 1654 2780 unde
1710 2712 2006 2794 apparet
2058 2722 2258 2787 eum,
2312 2703 2504 2794 quod
2556 2703 2649 2774 ad

519 2830 702 2902 vitae
741 2829 1090 2901 rationem
1131 2826 1535 2919 spectabat,
1595 2844 1935 2919 expressa
1983 2837 2051 2901 et
2101 2816 2345 2919 aperta
2379 2827 2651 2899 monita

519 2953 1009 3046 requisivisse.
1889 3013 1892 3019 ,

615 3079 756 3153 Alii
820 3080 911 3152 ab
984 3079 1107 3152 iilo
1163 3081 1471 3152 citantur
1524 3077 1994 3158 Aristotelici‚
2056 3078 2529 3151 Dicaearchus
2582 3085 2652 3151 et

519 3205 1019 3287 Aristoxenus,
1047 3212 1404 3296 quatenus
1445 3210 1723 3278 tantum
1766 3203 1854 3275 de
1888 3205 2285 3295 Pythagora
2320 3205 2644 3277 testimo-

521 3329 640 3403 nia
703 3329 1100 3412 ediderint,
1157 3327 1566 3403 Heraclides
1620 3329 1957 3400 Ponticus
2012 3330 2215 3417 qu’us
2268 3330 2341 3399 in
2405 3335 2648 3400 octavo

520 3454 703 3526 libro
756 3453 1204 3527 desideratur
1241 3451 1538 3528 historia
1570 3452 1906 3543 jucunda
1958 3453 2468 3524 memoratu‘et
2518 3453 2648 3521 mi-

514 3578 783 3649 randa.
2584 3570 2593 3578 ’

578 3874 646 3940 (l)
674 3871 809 3923 Vide
839 3871 1036 3930 Ruske.
1067 3887 1148 3938 op.
1180 3875 1287 3935 cit..
1319 3888 1371 3938 p.
1397 3874 1445 3923 5.

583 3964 649 4028 (Ἰ)
688 3962 795 4015 Cic.
843 3984 854 4013 ι
897 3981 924 4012 α
962 3963 1163 4026 Parva,
1203 3965 1404 4027 inquit,
1444 3967 1497 4013 et
1531 3966 1706 4013 tenuis
1744 3967 1827 4015 vel
1865 3965 2139 4028 turpitudo
2174 3966 2258 4014 vel
2298 3965 2515 4015 infamia
2552 3969 2649 4015 sub

518 4055 694 4104 eunda
721 4060 799 4104 est
821 4053 866 4103 si
891 4068 952 4103 ea
981 4068 1038 4103 re
1066 4067 1254 4118 magna
1280 4053 1481 4102 utilitas
1502 4053 1677 4103 amico
1697 4054 1879 4116 ’quaeri
1908 4059 2093 4117 potest.
2133 4073 2157 4098 ι»
2190 4080 2248 4090 --
2284 4057 2440 4117 Tus-c„
2471 4053 2536 4115 V,
2568 4055 2647 4104 23.

515 4142 599 4195 Cf.
631 4143 957 4204 Renouvier,
990 4143 1131 4193 Man.
1163 4144 1224 4192 de
1250 4142 1380 4207 phil.
1413 4157 1561 4203 auc„
1598 4147 1636 4193 t.
1673 4142 1753 4199 ΙΙ,
1786 4159 1837 4206 p.
1877 4143 1969 4193 376
2002 4163 2013 4193 ε
2049 4163 2073 4189 «
2107 4141 2176 4193 Sa
2213 4146 2410 4195 morale
2439 4144 2519 4194 fut
2547 4159 2649 4208 peu

517 4235 701 4285 severe
731 4253 742 4282 ε
777 4236 809 4283 il
843 4233 1035 4296 permit
1060 4235 1087 4281 a
1114 4233 1358 4282 l'homme
1389 4245 1457 4280 un
1488 4233 1621 4295 petit
1651 4233 1756 4281 mal
1783 4246 1918 4296 pour
1947 4246 2018 4282 un
2047 4234 2213 4297 grand
2238 4236 2379 4285 bien.
2404 4231 2437 4278 ἰ»
