3125 4959
1520 460 1876 520 -112—

640 603 985 687 dejeraret
1018 597 1118 667 ait
1157 601 1483 689 oportere
1521 595 1754 664 omnia
1795 596 2045 668 amicis
2082 599 2487 670 condonare
2525 622 2793 692 eoecep-

636 727 716 791 Μὴ·
756 723 913 792 fl'l's'ss'.

744 846 1138 919 amicitiam
1191 846 1384 918 enim
1428 845 1652 918 credit
1690 865 1815 937 per
1855 866 1932 919 se
1974 867 2106 920 nec
2145 849 2292 920 ulla
2333 868 2461 941 spe
2499 850 2784 922 utilita-

179 995 223 1039 ε..
263 995 395 1043 mn,
512 1007 532 1039 a·
641 979 728 1043 lie
772 992 987 1063 ‘ireque
1015 969 1238 1063 pretii
1272 969 1755 1063 mercedisque
1791 992 2002 1042 causa
2044 973 2417 1060 colendam
2461 1000 2478 1046 ε
2516 975 2592 1045 in
2635 994 2788 1064 quo

640 1119 792 1167 mun
844 1097 1179 1168 Cicerone
1231 1094 1629 1176 consentit,
1676 1096 1877 1184 cujus
1933 1096 2147 1168 verba
2185 1096 2344 1187 ipsa
2383 1098 2596 1170 refert
2644 1096 2784 1192 (l).

744 1227 836 1291 lie
884 1220 1187 1292 civitatis
1247 1218 1759 1291 constitutione
1811 1227 1879 1291 et
1931 1220 2187 1293 civium
2253 1240 2417 1313 erga
2472 1222 2786 1313 patriam

640 1347 891 1415 ultimis
953 1344 1137 1415 nihil
1196 1344 1339 1416 fere
1393 1343 1672 1415 locutus
1730 1352 1838 1415 est
1893 1344 2202 1428 Gellius,
2248 1346 2614 1437 acmagis
2660 1349 2789 1438 jus

640 1475 844 1539 [uirile
898 1487 1113 1559 quam
1176 1487 1322 1540 rem
1385 1468 1726 1539 moralem
1790 1474 2063 1540 tractat.
2128 1472 2567 1562 Majestatem
2613 1491 2788 1544 vero

647 1595 884 1683 [umuli
922 1592 1222 1663 Romani
1256 1591 1701 1663 concelebrat
1737 1598 1806 1663 et
1843 1593 2112 1683 patriae
2143 1613 2458 1666 amorem
2502 1597 2787 1686 magni-

291 1735 363 1779 un.
476 1747 532 1779 n.
648 1723 768 1787 limi·
832 1717 1185 1809 significat
1236 1736 1318 1789 ea
1367 1717 1777 1789 narratione
1831 1736 1973 1807 qua
2017 1720 2107 1789 M.
2166 1719 2335 1791 Cato
2389 1721 2473 1804 Q.
2520 1720 2784 1793 Caedi·

644 1847 824 1911 ι-,ὶιιιιι
902 1843 1275 1914 tribunum
1354 1842 1662 1914 militum
1738 1860 1896 1913 cum
1976 1843 2290 1915 Leonida
2364 1854 2780 1936 comparat,

644 1971 1036 2041 :nlnniratus
1077 1969 1213 2039 hoc
1251 1967 1495 2040 nobile
1534 1967 1843 2039 Caedicii
1885 1970 2163 2040 consuli
2204 1968 2472 2041 dictum
2513 1994 2529 2040 ε
2576 1998 2606 2033 α
2634 1972 2787 2062 Ego

648 2099 828 2163 linur-
891 2093 1018 2163 tibi
1072 2101 1141 2164 et
1195 2091 1626 2183 reipublicae
1679 2091 1992 2162 animam
2050 2091 2177 2185 do,
2237 2120 2266 2156 1>
2331 2094 2521 2165 Haec
2576 2094 2789 2167 addit

644 2223 911 2289 *tullius
949 2217 1412 2307 ‚simplicitate
1460 2217 1674 2287 simul
1716 2223 1785 2288 et
1822 2216 2166 2307 dignitate
2206 2218 2417 2308 plena
2464 2206 2559 2319 :331
2593 2219 2784 2291 Con·

644 2347 748 2411 sul
800 2342 1085 2413 tribuno
1139 2341 1401 2432 gratias
1447 2341 1837 2431 laudesque
1876 2341 2046 2432 agit.
2090 2342 2451 2415 Tribunus
2493 2347 2560 2416 et
2602 2363 2783 2434 qua-

644 2467 997 2555 nli-ingenti
1055 2466 1141 2537 ad
1199 2465 1652 2538 moriendum
1713 2465 2352 2557 proficiscuntur...
2416 2469 2782 2553 Quadrin-

644 2595 830 2679 gsmli
876 2608 1125 2661 omnes
1172 2609 1329 2662 cum
1366 2609 1538 2671 uno,
1576 2590 1878 2679 perfossi
1921 2590 2176 2681 gladiis
2213 2599 2336 2664 aut
2377 2592 2781 2666 missilibus

644 2719 895 2803 apul-ti,
941 2713 1231 2785 cadunt.
1269 2742 1298 2778 1>
1344 2715 1557 2785 Plura
1599 2722 1864 2796 tamen,
1907 2714 2153 2798 fateor,
2196 2716 2283 2787 de
2320 2717 2548 2807 patria
2584 2718 2778 2807 apud

644 2859 800 2911 ljtll'l't
864 2840 1181 2911 invenire
1238 2840 1490 2911 vellem
1540 2864 1576 2905 «
1619 2862 1798 2932 quae
1861 2861 2096 2909 omnes
2151 2840 2500 2933 omnium,
2550 2849 2627 2913 ut
2678 2843 2782 2915 ait

644 2967 911 3044 Clitore,
956 2961 1297 3032 caritates
1334 2984 1481 3032 una
1518 2963 1889 3055 compleam
1925 2970 2019 3034 est
2068 2961 2195 3056 (2).
2244 2993 2273 3029 ι)

748 3086 1071 3169 ltu-lictis,
1131 3097 1208 3159 ut
1253 3094 1325 3159 at
1361 3088 1736 3160 historiam
1782 3097 1850 3161 et
1881 3091 2001 3179 jus
2041 3090 2243 3160 civile
2282 3091 2520 3180 potius
2559 3092 2782 3182 perti-

163 3235 584 3339 I''r¹1i.''².a²f-„-¹f.‘
648 3215 1033 3294 ilentiboe,
1095 3231 1278 3303 quae
1335 3212 1424 3284 de
1482 3214 1810 3303 captione
1861 3212 2154 3304 virginis
2197 3214 2486 3286 vestalis
2544 3214 2774 3308 dixit,

375 3331 403 3343 ''
512 3331 516 3339 '
644 3359 828 3427 quau
864 3337 950 3409 de
987 3337 1439 3409 caerimoniis
1480 3344 1549 3408 et
1607 3336 2095 3409 sacerdotibus
2150 3334 2403 3427 populi
2449 3338 2770 3419 romani,

644 3463 732 3531 lli*-
776 3469 1064 3533 eenatus
1105 3461 1553 3552 principibus
1598 3469 1664 3535 et
1705 3462 2027 3534 censoria
2063 3467 2450 3552 potestate,
2495 3462 2567 3532 in
2609 3463 2777 3553 qui-

648 3591 780 3655 lius·
824 3586 1278 3675 antiquorum
1324 3606 1600 3659 morum
1645 3588 2035 3660 recordatio
2082 3587 2264 3678 viget
2302 3595 2371 3658 et
2411 3586 2772 3680 studium,

716 3891 724 3935 ιζ
744 3887 748 3927 l
768 3891 776 3935 ξε
808 3879 935 3938 Cic„
962 3878 1179 3942 Laelim,
1206 3894 1252 3931 c.
1288 3878 1480 3942 xv11;
1514 3882 1584 3933 cf.
1620 3884 1686 3930 De
1715 3883 1845 3944 Leo„
1876 3881 1914 3941 1,
1951 3881 2004 3931 18
2033 3901 2042 3928 :
2077 3900 2102 3925 «
2131 3878 2233 3929 Ubi
2266 3881 2355 3929 illa
2379 3884 2560 3930 sancta
2583 3882 2774 3931 amici—

652 3979 732 4019 ιιει,
772 3987 808 4015 a]
848 3982 950 4018 non
974 3970 1089 4032 ipse
1115 3970 1320 4019 amicus
1351 3983 1443 4032 per
1467 3983 1524 4018 se
1552 3974 1758 4019 amatur
1789 3973 1897 4018 toto
1922 3974 2131 4032 pectore
2157 3975 2214 4017 ut
2241 3969 2470 4019 dicitur?
2494 3971 2581 4031 qui
2613 3971 2774 4019 etiam

648 4058 963 4107 ·'l=*!==·t··.2mluS
990 4061 1043 4108 et
1066 4056 1398 4120 abjiciendus
1422 4061 1519 4119 est,
1547 4058 1838 4121 desperatis
1862 4058 2232 4107 emolumentis
2257 4061 2307 4106 et
2339 4056 2596 4107 fructibus
2627 4076 2637 4104 ε
2667 4073 2774 4121 quo

648 4151 768 4203 quill
808 4152 971 4207 *intest
1000 4145 1103 4196 dici
1131 4148 1449 4196 immanius?
1478 4165 1504 4192 u

736 4235 772 4283 E]
804 4235 930 4294 Cic„
962 4236 1029 4283 De
1055 4236 1160 4299 off„
1195 4234 1236 4296 Ι,
1271 4234 1345 4285 17.
