3125 4959
213 737 262 786 L.
298 736 356 797 11,
388 749 430 785 c.
461 749 543 784 vu.

165 1120 299 1179 1„.11,
321 1132 362 1171 c.
387 1122 586 1180 x1x‚l7.

169 1628 219 1675 l„
243 1623 361 1682 xlll,
386 1636 426 1675 c.
454 1640 521 1685 ιιι,
547 1630 590 1677 la.

231 1714 288 1724 --
318 1687 373 1748 V,
404 1701 445 1738 c.
479 1702 590 1748 xnu,

229 1763 271 1800 c.
298 1763 402 1799 xrx.

168 2128 216 2178 L,
233 2126 587 2188 XV,c.xxvn,3.

229 3381 275 3429 Ι..
309 3378 407 3440 XX,
437 3391 480 3432 c.
510 3393 542 3429 ι.

1532 468 1891 529 -110-

644 604 1002 699 quendum
1034 624 1192 680 esse
1230 613 1300 678 et
1336 624 1493 679 eam
1536 606 2069 679 conclusionem
2111 607 2392 680 selectis
2431 608 2789 699 exemplis

646 730 1046 803 confirmat.

745 854 954 942 Quod
984 854 1074 926 ad
1105 854 1554 946 propinquos
1589 863 1860 947 spectat
1890 856 2134 930 fabula
2162 858 2464 930 cassitae
2494 865 2789 930 narrata

646 986 888 1053 censet
927 997 1173 1052 eorum
1215 978 1399 1050 sicut
1447 986 1517 1051 et
1561 980 1954 1051 amicorum
1997 980 2215 1052 levem
2249 981 2678 1074 plerumque
2720 988 2790 1051 et

643 1104 932 1175 inanem
970 1101 1317 1192 fiduciam
1359 1108 1431 1173 et
1468 1102 1545 1172 in
1579 1104 1772 1174 nobis
1811 1111 2092 1174 tantum
2127 1105 2301 1198 ἐρεῖς
2334 1105 2732 1176 nitendum.

744 1231 871 1302 His
917 1228 1255 1302 omnihus
1304 1227 1575 1300 Gellius
1625 1229 1737 1300 sui
1790 1228 2132 1320 temporis
2180 1228 2785 1322 philosophorum

645 1354 941 1446 vestigia
980 1354 1307 1443 sequitur
1347 1353 1471 1445 qui
1514 1352 1799 1444 singula
1849 1353 2035 1426 hene
2085 1352 2367 1426 vivendi
2406 1362 2790 1446 praecepta

650 1479 873 1570 magis
906 1478 1215 1551 edebant
1245 1496 1460 1567 quam
1497 1478 1589 1550 ad
1629 1496 1855 1550 unum
1890 1477 2258 1565 doctrinae
2298 1497 2554 1569 corpus
2594 1478 2788 1551 redi-

646 1604 933 1696 gebant.
986 1601 1189 1687 Quod
1244 1603 1306 1674 si
1351 1608 1666 1674 tutorum
1724 1620 1888 1694 erga
1943 1602 2258 1694 pupillos
2312 1602 2547 1676 officia
2595 1620 2790 1693 quae

647 1733 1023 1820 parentum
1050 1781 1067 1807 ,
1111 1732 1191 1798 ut
1237 1745 1455 1816 supra
1494 1725 1764 1798 dictum
1806 1733 1959 1815 est,
2003 1727 2333 1818 proxima
2377 1734 2585 1808 sunt,
2631 1745 2787 1797 non

646 1852 862 1925 altius
916 1856 1282 1943 perspecta
1337 1857 1408 1923 et
1458 1850 1785 1942 exposita
1842 1855 2058 1933 sunt,
2113 1870 2241 1941 pro
2291 1851 2789 1923 monumentis

648 1984 831 2052 recte
878 1996 961 2050 ea
999 1975 1333 2049 habenda
1372 1982 1543 2047 sunt
1582 1993 1767 2067 quae
1805 1974 1895 2048 de
1940 1974 2272 2067 familiae
2318 1975 2499 2049 dixit
2536 1997 2789 2045 eman-

643 2102 986 2196 cipatione
1018 2118 1231 2191 quam
1268 2120 1644 2170 sacrorum
1673 2099 2201 2170 detestationem
2237 2108 2458 2184 vocat,
2495 2107 2565 2173 et
2603 2102 2789 2173 satis

643 2228 990 2310 indicant,
1037 2225 1230 2319 quod
1271 2226 1497 2298 nostri
1545 2227 1698 2298 aevi
1742 2226 2136 2316 scriptores
2176 2234 2586 2300 asseverant
2633 2222 2783 2319 (1),

643 2355 874 2448 gentis
914 2351 1461 2424 fundamentum
1504 2350 1731 2424 fuisse
1777 2351 2195 2443 religionem
2221 2408 2238 2435 ,
2286 2371 2429 2444 qua
2466 2347 2781 2433 sublata,

645 2477 706 2550 si
746 2476 977 2549 Tullio
1017 2475 1351 2559 creditur,
1390 2475 1685 2546 societas
1723 2475 2014 2567 qeneris
2047 2475 2342 2547 humani
2373 2482 2445 2547 et
2481 2498 2620 2546 una
2657 2497 2786 2545 eoc-

643 2599 1124 2672 cellentissima
1173 2599 1398 2670 virtus
1429 2599 1724 2691 justitia
1777 2600 2049 2670 tollitur
2115 2598 2246 2696 (2).
2303 2603 2394 2674 Ut
2444 2602 2565 2674 ille
2618 2602 2779 2674 Tib.

647 2724 1215 2806 Coruncanium,
1269 2726 1345 2795 P.
1400 2726 1848 2817 Scipionem,
1907 2728 1984 2798 P.
2047 2727 2496 2809 Scaevolam,
2551 2727 2789 2817 ponti-

646 2851 815 2924 fices
870 2849 1260 2932 maximos,
1307 2867 1452 2920 non
1512 2851 1913 2931 Zenonem,
1965 2858 2088 2922 aut
2146 2850 2602 2932 Cleanthem,
2659 2858 2789 2922 aut

646 2975 1124 3067 Chrysippum
1183 2975 1510 3065 sequitur
1564 2972 1658 3068 (5)
1690 3029 1707 3057 ,
1765 2974 1869 3047 sic
1919 2975 2188 3047 Gellius
2229 2975 2786 3063 jurisconsulto-

649 3120 804 3173 rum
872 3100 1290 3174 auctoritate
1345 3100 1420 3171 in
1480 3099 1733 3190 primis
1794 3099 2051 3172 nititur
2115 3118 2300 3189 quae
2353 3099 2782 3189 jamdudum

649 3234 931 3318 accepta
984 3224 1058 3296 in
1111 3225 1300 3298 diem
1356 3225 1718 3298 crescebat
1770 3221 1899 3317 (4).
1955 3224 2158 3310 Quod
2217 3224 2311 3296 ad
2366 3226 2663 3297 clientes
2714 3232 2787 3297 et

651 3351 971 3441 hospites
1003 3349 1337 3441 pertinet,
1374 3356 1652 3422 tantum
1696 3367 1817 3421 eos
1855 3349 2027 3422 dicit
2067 3367 2348 3421 summa
2389 3347 2532 3421 fide
2569 3368 2612 3420 a
2645 3367 2780 3440 po-

653 3474 822 3568 pulo
858 3493 1152 3546 romano
1187 3474 1600 3548 observatos
1630 3493 1913 3566 semper
1950 3474 2216 3556 fuisse;
2255 3474 2448 3567 quod
2485 3492 2785 3565 prorsus

654 3617 1007 3682 asserere,
1055 3600 1331 3671 romani
1374 3599 1546 3671 civis
1588 3600 1811 3691 magis
1852 3618 2066 3691 quam
2108 3599 2431 3671 historici
2470 3599 2608 3671 dici
2651 3616 2784 3689 po-

653 3731 815 3797 test.

715 3992 783 4057 (1)
819 3992 880 4043 V.
910 3991 1092 4043 Fustel
1123 3992 1187 4042 de
1213 3990 1524 4054 CoulangeS,
1558 3991 1668 4041 Cito
1697 3976 1925 4053 antique,
1956 4005 2007 4054 p.
2040 3990 2118 4054 3¹,
2151 3990 2226 4040 38.

716 4082 785 4146 (2)
807 4079 938 4142 Cic„
971 4082 1037 4131 De
1066 4088 1177 4131 nat.
1209 4081 1365 4143 deor„
1399 4080 1441 4142 1,
1472 4078 1520 4128 2.

715 4171 783 4236 (3)
806 4168 937 4234 cic„
970 4170 1118 4231 ibid„
1152 4168 1248 4232 111,
1277 4169 1326 4219 2.

719 4258 784 4323 (4)
812 4257 1028 4319 Teuffel,
1060 4262 1095 4307 t.
1125 4256 1219 4319 111,
1253 4271 1304 4320 p.
1334 4255 1444 4308 1-4.
