3125 4959
1292 443 1575 507 ...7-

464 589 634 659 Tres
672 584 1022 678 puniendi
1065 603 1318 657 causas
1358 601 1515 656 cum
1546 583 1808 656 ‘multis
1847 581 2301 674 philosophis
2342 581 2494 666 ille,

367 712 444 781 in
469 711 719 804 primo
756 709 1440 782 commentariorum
1469 683 1636 802 quos
1672 707 1748 776 in
1784 706 2111 778 Platonis
2149 705 2499 799 Gorqiam
2553 721 2605 772 L.
2633 721 2710 782 vt,
2740 735 2780 772 c.
2814 737 2900 782 xv,
2931 727 2977 772 s.

367 836 807 927 composuit,
863 854 1021 908 esse
1075 835 1545 915 existimavit,
1595 852 1750 906 cum
1792 840 2036 905 contra
2081 835 2278 907 Plato
2319 834 2499 906 duas

365 961 598 1032 solum
656 977 815 1031 esse
867 968 1215 1032 censeret.
1276 962 1589 1046 Quarum
1649 976 2038 1049 poenarum
2100 978 2246 1030 una
2299 963 2498 1029 casti-

363 1083 597 1176 qandi
624 1081 1186 1176 emenclandique
1220 1085 1467 1175 qratia
1503 1083 1700 1154 illius
1741 1083 1866 1173 qui
1907 1082 2237 1173 deliquit,
2275 1084 2499 1155 altera

363 1209 735 1301 diqnitatis
762 1207 1346 1302 auctoritatisque
1383 1207 1685 1279 tuendae
1712 1228 1929 1278 causa
1968 1208 2123 1297 ejus
2164 1208 2240 1279 in
2281 1226 2493 1299 quem

365 1333 700 1406 delictum
747 1340 901 1415 est;
958 1333 1162 1405 tertia
1203 1339 1506 1429 propter
1551 1332 2001 1425 exemplum,
2048 1352 2139 1406 ne
2177 1333 2288 1405 cui
2331 1335 2496 1424 quis
2553 1357 2974 1417 1,.V1‚e.xv,2-4.

367 1466 650 1543 noceat,
693 1458 1101 1531 adhibetur.
1148 1461 1333 1531 Haec
1374 1458 1864 1531 misericordia
1911 1460 2124 1531 simul
2172 1479 2255 1532 ac
2284 1461 2494 1550 justi-

364 1584 462 1656 tia
502 1586 714 1676 plena
741 1638 758 1665 ,
812 1592 1202 1675 nostraque
1242 1591 1470 1657 aetate
1525 1584 1741 1676 digna
1782 1604 1913 1657 suo
1954 1586 2160 1677 quasi
2203 1586 2495 1657 nomine

362 1708 564 1781 addit
601 1708 872 1780 Gellius
919 1732 935 1778 ε
992 1736 1023 1772 ‹
1065 1709 1137 1780 Si
1182 1727 1347 1799 spes
1386 1727 1644 1800 magna
1687 1715 1796 1781 est
1844 1719 1920 1781 ut
1971 1709 2034 1782 is
2079 1711 2203 1801 qui
2247 1727 2490 1803 pecca-

363 1833 461 1905 vit
512 1832 685 1904 citra
740 1851 1042 1923 poenam
1091 1832 1246 1924 ipse
1293 1851 1452 1905 sese
1509 1835 1694 1905 ultro
1754 1835 2088 1926 corrigat,
2150 1843 2275 1907 aut
2330 1854 2494 1926 spes

365 1965 610 2030 contra
652 1959 851 2029 nulla
897 1965 1005 2030 est
1044 1958 1409 2031 emendari
1453 1977 1614 2031 eum
1660 1978 1873 2050 posse
1918 1968 1986 2032 et
2029 1962 2321 2052 corrigi,
2373 1969 2495 2032 aut

356 2085 701 2174 jacturam
753 2082 1120 2173 dignitatis
1162 2085 1315 2173 ejus
1363 2084 1435 2154 in
1491 2102 1703 2174 quem
1761 2092 2118 2175 peccatum
2177 2091 2285 2157 est
2346 2103 2492 2155 me-

364 2209 466 2281 tui
508 2226 653 2279 non
697 2226 1071 2281 necessum
1114 2216 1248 2290 est,
1291 2215 1414 2280 aut
1452 2227 1597 2280 non
1632 2209 1700 2280 id
1738 2216 2097 2299 peccatum
2142 2217 2251 2281 est
2292 2211 2493 2299 qu‘us

362 2334 688 2425 exemplo
755 2334 1160 2406 necessario
1214 2340 1406 2406 metu
1477 2334 2033 2406 succurrendum
2102 2336 2195 2406 sit
2252 2360 2268 2406 :
2339 2342 2489 2406 tum

364 2457 720 2550 quidquid
758 2457 857 2529 ita
894 2457 1229 2530 delictum
1270 2465 1377 2530 est
1418 2478 1561 2530 non
1612 2478 1785 2531 sane
1824 2459 2119 2551 dignum
2157 2478 2317 2532 esse
2353 2460 2490 2530 im-

360 2583 738 2675 ponendae
774 2600 1048 2674 poenae
1087 2583 1407 2655 studium
1450 2584 1681 2654 visum
1719 2590 1852 2656 est.
1896 2610 1926 2647 1·
2547 2595 2598 2646 L.
2628 2595 2705 2658 w,
2739 2607 2779 2644 e.
2812 2575 2896 2655 κν.
2925 2600 2970 2646 4.

470 2707 793 2797 Exempli
871 2707 1094 2798 gratia
1170 2726 1692 2798 nonnunquam
1770 2707 2252 2781 adhibendam
2333 2727 2492 2781 esse

359 2852 664 2926 poenam
707 2834 842 2905 hoc
875 2833 1086 2906 modo
1124 2834 1293 2905 alibi
1340 2834 1783 2907 demonstrat
1820 2837 2093 2907 Taurus
2136 2835 2259 2926 qui
2298 2835 2496 2905 omni

357 2957 765 3028 suasionum
816 2956 1520 3052 admonitionumque
1568 2981 1833 3050 genere
1882 2960 1973 3033 ad
2021 2961 2203 3034 bene
2243 2962 2484 3034 viven-
2545 2976 2971 3038 L.X‚c.x1x,4.

360 3082 532 3155 dum
571 3089 953 3155 sectatores
992 3085 1503 3157 exhortabatur
1543 3103 1742 3165 suos,
1790 3104 1919 3157 nec
1957 3092 2231 3158 tantum
2276 3086 2490 3159 virtu-

360 3205 454 3278 tis
484 3205 855 3279 scientiam
899 3207 1027 3279 sed
1064 3208 1414 3282 actionem
1460 3208 2053 3299 prosequebatur.
2099 3210 2273 3281 Cum
2320 3208 2489 3281 ado·

361 3331 743 3404 lescentem
812 3352 859 3400 a
921 3328 1319 3401 rhetoribus
1378 3330 1480 3401 ad
1528 3330 2019 3425 philosophiae
2074 3332 2491 3426 disciplinas

361 3456 774 3545 nuperrime
831 3461 1402 3547 transm-essum,
1464 3464 1753 3548 propter
1809 3457 2085 3547 aliquid
2137 3456 2491 3529 inhoneste
2545 3472 2752 3532 1..x,c.
2786 3484 2889 3531 m,
2925 3476 2970 3521 1.

357 3586 425 3650 et
459 3578 778 3672 improbe
812 3579 1091 3674 factum
1130 3582 1584 3672 vituperaret,
1623 3590 1691 3654 et
1726 3582 1846 3654 ille
1877 3582 2087 3654 solita
2127 3600 2204 3655 se
2239 3584 2490 3656 fecisse

360 3705 664 3787 diceret,
709 3705 1112 3797 alienisque
1165 3708 1512 3797 exemplis
1562 3708 1848 3798 purgari
1891 3708 2138 3789 vellet,
2190 3711 2483 3781 Demos-

359 3831 599 3903 thenis
639 3831 873 3903 verbis
909 3849 1124 3914 usus,
1171 3829 1377 3924 quasi
1408 3830 1763 3903 rhetorica
1802 3831 2190 3917 cantilena,
2236 3833 2485 3923 digna·
2543 3854 2594 3904 L.
2623 3854 2681 3915 x,
2712 3867 2756 3904 c.
2787 3856 2967 3911 x1x,2.

357 4153 623 4211 poysante
643 4185 656 4212 ,
689 4152 720 4197 a
747 4164 890 4213 quoy
922 4151 957 4199 il
989 4152 1081 4212 luy
1112 4151 1310 4201 semble
1339 4166 1440 4215 que
1468 4156 1608 4203 cette
1638 4153 1973 4220 impetuosito
2002 4156 2150 4217 porte
2181 4150 2487 4214 empeschc-

358 4242 557 4287 ment»
593 4236 798 4301 (Mont.,
830 4240 867 4288 l.
902 4238 990 4296 lll,
1020 4257 1068 4290 c.
1101 4239 1169 4304 x).
1254 4245 1261 4250 ’
