3125 4959
112 850 162 901 L.
188 850 265 911 w,
294 862 335 901 c.
363 864 468 913 xm,
490 855 538 900 2.

112 1475 165 1525 1..
186 1474 264 1536 IV,
293 1486 334 1524 c.
361 1487 466 1535 xm,
492 1477 536 1525 1.

1501 442 1888 520 -54--f

594 599 1000 674 corporum.
1037 607 1067 646 ι
1108 583 1256 653 Hoc
1291 580 1585 671 quidem
1627 579 2089 653 verisimilius
2128 588 2236 652 est
2276 598 2489 671 quam
2532 580 2731 670 quod

594 704 882 796 scripsit
938 704 1153 778 tibias
1212 704 1386 778 scite
1442 704 1846 778 modulatas
1905 702 2739 798 viperarum'morsibus

593 826 870 898 mederi
888 855 912 913 ,-
968 828 1236 921 quippe
1291 848 1449 901 cum
1501 846 1896 911 venenum,
1959 836 2197 901 mente
2259 829 2469 901 etiam
2526 836 2729 901 tran-

595 955 862 1045 quilla,
915 954 1291 1046 sanguinis
1347 974 1562 1027 cursu
1620 974 1747 1047 per
1801 973 2015 1027 venas
2069 955 2531 1027 intromissus
2580 973 2737 1026 ser-

593 1097 761 1171 pere
823 1086 1094 1171 pergat.
1171 1082 1267 1152 Ea
1332 1079 1624 1171 quidem
1690 1080 1847 1152 sine
1910 1080 2058 1150 ulla
2106 1078 2736 1150 animadversione

593 1206 865 1277 Gellius
932 1205 1246 1298 colligit,
1319 1206 1809 1297 Theophrasto
1878 1206 2219 1296 majorem
2281 1204 2494 1276 fidem
2559 1204 2734 1276 dare

593 1348 983 1420 possumus
1058 1331 1404 1402 asserenti
1478 1329 1766 1403 lenibus
1833 1329 2051 1402 tibiae
2116 1328 2735 1400 modulationibus

595 1452 950 1544 podagrae
999 1454 1228 1525 minui
1280 1454 1607 1546 doloreS‚
1652 1473 1810 1526 cum
1861 1455 2148 1527 animus
2188 1474 2230 1526 a
2270 1472 2487 1526 sensu
2527 1453 2733 1526 dolo·

597 1578 695 1649 ris
736 1577 826 1649 ad
858 1579 1245 1669 voluptatis
1278 1597 1574 1652 sensum
1614 1586 1972 1652 avertatur
2018 1577 2146 1674 (1).
2191 1581 2287 1651 Εο
2329 1597 2586 1670 nempe
2624 1588 2738 1652 est

598 1702 701 1775 vis
737 1702 960 1773 animi
992 1710 1061 1776 et
1098 1703 1541 1795 imaginandi
1578 1704 1877 1775 facultas
1918 1711 1995 1775 ut
2031 1721 2373 1795 persaepe
2410 1704 2733 1794 corporis

594 1827 878 1900 dolores
920 1828 1131 1901 modo
1173 1830 1520 1913 mulcere,
1568 1829 1781 1902 modo
1817 1847 2075 1920 augere
2124 1829 2228 1900 vel
2276 1830 2490 1902 etiam
2542 1829 2733 1901 exci-

594 1960 742 2024 tare
780 1953 1034 2044 possit.
1082 1954 1424 2045 Exemplo
1460 1955 1564 2026 uti
1605 1954 1790 2037 licet,
1833 1955 2020 2026 inter
2057 1954 2282 2026 multa
2320 1954 2488 2035 alia,
2536 1953 2731 2045 quod

592 2078 680 2150 de
720 2078 944 2150 nobili
984 2080 1238 2151 aetatis
1280 2086 1568 2153 nostrae
1611 2079 1955 2170 scriptore
1994 2080 2205 2152 refert
2248 2080 2733 2171 philosophus

589 2203 665 2273 in
723 2203 977 2295 primis
1038 2204 1452 2277 observator
1492 2212 1562 2277 et
1621 2204 2090 2295 experimenti
2148 2211 2495 2287 sectator,
2554 2205 2728 2295 qui,

590 2346 750 2400 cum
822 2327 1143 2400 mulieris
1199 2346 1383 2420 quae
1448 2347 1799 2401 venenum
1867 2328 2173 2402 bibisset
2231 2337 2529 2402 mortem
2597 2328 2726 2401 de-

590 2451 986 2543 pinxisset,
1027 2452 1126 2525 ita
1164 2453 1297 2525 fuit
1334 2453 1629 2525 affectus
1681 2461 1759 2525 ut
1799 2453 2044 2526 omnia
2084 2472 2268 2545 quae
2308 2454 2564 2527 veneni
2603 2472 2733 2546 po-

591 2577 857 2649 tionem
901 2584 1306 2668 sequuntur
1343 2598 1603 2670 passus
1645 2580 1738 2653 sit
1783 2576 1914 2673 (2).

689 2703 908 2794 Negat
954 2709 1188 2775 tamen
1241 2704 1687 2788 Democrito,
1747 2703 2204 2776 nobilissimo
2260 2705 2733 2795 philosopho·

594 2846 751 2899 rum
780 2882 796 2909 ,
850 2827 1142 2899 attribui
1186 2846 1395 2918 posse
1453 2830 1676 2902 multa
1725 2829 1813 2901 de
1852 2827 2196 2920 prodigiis
2245 2816 2324 2899 ac
2379 2830 2733 2920 portentis

595 2954 783 3026 dicta
821 2971 1006 3045 quae
1045 2953 1353 3040 Plinius,
1395 2961 1472 3027 ut
1514 2974 1734 3046 supra
1775 2954 2111 3039 vidimus,
2150 2954 2421 3045 aliique
2459 2953 2533 3025 in
2576 2954 2733 3055 ejus

594 3078 801 3150 libris
833 3079 1091 3171 legisse
1115 3098 1193 3152 se
1221 3079 1498 3164 dicunt,
1536 3079 1905 3170 creditque
1942 3079 2033 3151 ab
2067 3078 2158 3150 iis
2190 3077 2311 3150 illa
2339 3085 2732 3149 commenta

595 3203 674 3275 in
736 3204 1135 3277 Democriti
1188 3227 1446 3277 nomen
1499 3205 1674 3277 data
1734 3202 2103 3277 nobilitatis
2162 3203 2735 3298 auctoritatisque

664 3614 733 3677 (l)
760 3610 1042 3661 Montanus
1071 3610 1177 3660 0110
1210 3610 1452 3673 exemplo
1487 3610 1628 3660 idem
1668 3610 1777 3660 fere
1813 3608 2084 3659 concludit
2117 3629 2127 3657 ι
2160 3626 2187 3655 ι(
2229 3606 2318 3658 Un
2352 3608 2735 3673 gentilhomme

600 3703 694 3752 des
720 3707 942 3762 nostres„
979 3700 1490 3750 merveilleusement
1515 3702 1723 3763 subject
1752 3701 1781 3748 0
1806 3700 1856 3748 10
1882 3701 2065 3762 goutte
2084 3737 2096 3758 ‚
2124 3703 2298 3748 estant
2328 3680 2504 3761 presse
2534 3711 2629 3760 par
2657 3697 2735 3746 les

602 3790 873 3840 medecins
901 3790 966 3838 de
997 3790 1179 3838 laisser
1203 3789 1275 3838 du
1299 3794 1412 3838 tout
1442 3790 1516 3838 les
1540 3789 1762 3838 viandos
1785 3789 1968 3847 saleeS,
1993 3789 2133 3838 avait
2158 3789 2499 3838 accolistume
2530 3787 2595 3836 de
2621 3800 2733 3836 res-

601 3880 803 3945 pondre
833 3879 1198 3943 plaisaxnment
1225 3893 1326 3942 que
1352 3897 1376 3922 α
1408 3892 1500 3928 sur
1530 3879 1607 3927 les
1636 3878 1814 3928 efforts
1843 3884 1897 3927 et
1924 3882 2181 3930 torments
2204 3879 2276 3927 du
2305 3877 2437 3936 mal,
2464 3876 2502 3926 il
2532 3877 2736 3925 vouloit

600 3973 748 4024 avoir
768 3974 798 4019 a
821 3972 911 4035 qui
932 3969 1043 4020 s'en
1068 3968 1292 4032 prendre
1317 3974 1366 4019 et
1390 3982 1492 4032 quc
1515 3967 1791 4018 s'escriant
1814 3973 1868 4017 et
1890 3968 2239 4018 mauldissant
2263 3969 2312 4017 le
2335 3967 2587 4030 cervelat,
2613 3971 2735 4016 tan—

602 4067 707 4113 tost
744 4063 794 4111 10
830 4061 1022 4125 tangue
1056 4061 1121 4110 de
1149 4061 1307 4108 boeuf·
1329 4062 1382 4108 et
1411 4059 1460 4108 le
1491 4060 1736 4121 jambon,
1777 4059 1813 4106 il
1843 4057 1953 4108 s'en
1992 4059 2187 4108 sentoit
2227 4057 2466 4107 d'autant
2501 4055 2673 4119 alleges
2709 4074 2734 4101 n

606 4153 660 4216 (1.
694 4154 736 4215 I,
768 4165 815 4202 c.
848 4151 936 4215 iv).

665 4241 732 4304 (2)
754 4238 935 4293 Taine.
965 4239 1031 4289 De
1066 4236 1440 4300 l'Intcllt‘qence,
1469 4237 1505 4285 1.
1541 4236 1610 4293 ΙΙ,
1642 4251 1692 4286 c.
1724 4250 1758 4296 1,
1792 4240 1817 4297 ς
1848 4235 1876 4286 3
1906 4240 1959 4286 et
1984 4238 2198 4300 passim.
