3125 4959
1271 464 1628 528 -193—

389 606 921 697 ineptissimum
982 624 1342 697 quemque
1394 624 1552 678 esse
1609 607 2023 698 gloriosum.
2091 607 2511 675 Praesertim
2576 619 2992 671 naula-mia.

387 730 947 803 adolescentium
993 750 1199 822 aegre
1253 731 1386 802 fert
1439 732 1915 822 arrogantiam
1974 739 2043 803 et
2099 731 2515 823 propensiu-

388 874 551 926 nem
608 854 699 926 ad
747 854 1264 946 disputandum
1317 855 1846 928 inconsiderate
1896 862 1964 928 et
2015 855 2259 923 affatius
2307 879 2515 947 qaam

386 987 686 1051 aetatem
737 981 928 1053 decet
984 1005 1006 1048 .·
1074 989 1351 1053 tantum
1413 1000 1535 1053 eos
1587 981 1925 1053 abhorret
1982 983 2103 1071 qui
2163 983 2515 1051 immerItu
2576 975 2624 1023 L·
2672 975 2848 1099 fflgfifg:
2904 987 3000 1031 Ην

388 1107 574 1179 docti
617 1106 996 1188 dicuntur,
1045 1114 1121 1178 ut
1177 1125 1266 1177 ne
1306 1106 1609 1197 epistola
1664 1106 1954 1196 quidem
2011 1127 2167 1179 cum
2219 1107 2307 1175 iia
2363 1127 2519 1175 cnu-

388 1231 680 1303 tendere
729 1232 921 1302 velit.
980 1233 1166 1303 Haec
1219 1249 1507 1322 quoque
1559 1232 1974 1303 acutissime
2031 1231 2339 1311 nutarit,
2395 1251 2519 1299 aaa
2612 1247 2888 1303 L.1¹t‚÷:.1‚
2923 1251 2960 1291 5.

388 1355 555 1445 qui,
619 1352 1106 1423 tumultuariis
1157 1360 1221 1423 et
1275 1353 1645 1424 inconditis
1703 1354 1964 1427 Studiis
2023 1355 2223 1439 freti,
2299 1355 2515 1423 critici

389 1478 617 1550 officio
660 1478 856 1570 fungi
898 1479 1237 1569 cupiunt,
1291 1479 1461 1550 ludo
1512 1486 1582 1551 et
1619 1478 1794 1550 risui
1832 1479 1995 1551 aliis
2039 1499 2231 1559 asae,
2271 1479 2515 1551 itidem

386 1608 647 1697 ineptos
686 1612 754 1676 et
792 1602 1089 1696 frivolos
1128 1603 1281 1675 fieri
1318 1605 1442 1694 qui
1475 1604 1747 1676 litteras
1780 1604 2211 1687 didicerunt,
2247 1603 2311 1671 aa*
2335 1603 2519 1695 sbrie
2580 1615 2628 1663 L.
2648 1615 2740 1671 1³1¹.
2764 1627 2804 1663 ⁴:1-
2828 1627 2928 1671 aar.
2964 1619 2996 1663 1,

386 1735 541 1798 sunt
588 1727 887 1820 ‚qm-ruli
938 1733 1206 1797 natura
1253 1734 1319 1797 et
1364 1726 1836 1820 subaryutuli.
1896 1732 2187 1803 Fatetur
2235 1739 2515 1807 tamen,
2580 1743 3000 1799 l..3{'l‘⁶,fl.1a·.x.l.

391 1854 585 1944 quod
631 1859 946 1935 constat,
992 1872 1164 1925 suae
1221 1855 1473 1925 aetatis
1528 1853 1948 1925 hominibus
1999 1855 2191 1923 hunc
2255 1875 2515 1927 [liorem

389 1978 533 2049 fere
573 1996 1023 2050 communem
1081 1978 1305 2049 fuisse
1362 1985 1439 2050 ut
1486 1977 1932 2050 eruditorum
1990 1983 2299 2067 speciem
2355 1999 2523 2067 prae

392 2121 468 2175 se
509 2103 771 2175 ferrent
810 2110 878 2175 et
910 2103 1364 2194 antiquitatis
1399 2105 1772 2178 scientiam
1798 2158 1814 2184 ‚
1858 2123 1986 2176 nec
2027 2123 2103 2175 aa
2143 2107 2291 2195 ipsa
2327 2103 2515 2175 eael-

390 2229 520 2319 pit,
568 2230 834 2319 quippe
864 2247 1023 2299 cum
1066 2227 1252 2301 dicat
1297 2254 1313 2299 :
1372 2256 1401 2292 α
1446 2230 1775 2320 Plerique
1819 2236 2143 2302 nostrum
2191 2251 2371 2319 quaa
2419 2251 2519 2299 re-

392 2354 693 2425 motiora
725 2354 933 2425 verba
976 2354 1412 2437 invenimus,
1460 2355 1694 2428 dicere
1726 2374 1807 2426 ea
1838 2374 2331 2446 properamus,
2379 2375 2519 2423 nan

392 2478 691 2551 discere.
737 2505 767 2541 ι»
820 2478 1117 2549 Crimini
1171 2498 1334 2569 ergo
1375 2479 1667 2569 putidae
1721 2479 2143 2551 eruditiunis
2199 2479 2351 2567 ipae
2395 2479 2519 2551 ah·
2584 2495 3004 2551 [arat-..wss-

393 2604 575 2674 viam
618 2602 745 2674 ivit
796 2622 923 2675 nec
978 2603 1335 2675 immerito
1389 2622 1709 2676 asserere
1758 2605 1990 2695 potuit
2047 2607 2519 2695 ignerantiam

394 2729 603 2800 solito
645 2728 1073 2801 insolentem
1104 2783 1120 2811 ,
1158 2729 1530 2801 scientiam
1576 2748 1737 2803 vero
1780 2748 1938 2803 esse
1977 2731 2367 2819 ajffiiaa'c'em.
2584 2735 3000 2795 *1-32'1112fflu22-

490 2852 845 2924 Virtutum
892 2860 1077 2926 certe
1114 2853 1380 2945 quibus
1414 2854 1781 2946 praeditus
1817 2855 1950 2927 fuit
1985 2855 2255 2927 Gellius
2295 2855 2527 2927 muda-

395 2978 742 3050 rationem
786 2978 860 3068 in
897 2978 1189 3068 primis,
1255 2986 1334 3049 ut
1378 2979 1527 3069 jam
1587 2978 1944 3064 diximuS,
1999 2979 2307 3051 coluisse
2347 2979 2523 3051 ride-

397 3111 536 3183 tur,
584 3122 729 3175 non
763 3110 1000 3175 tamen
1041 3104 1218 3175 adeo
1259 3111 1338 3175 ut
1377 3122 1612 3176 veram
1657 3104 1767 3175 sui
1801 3104 2211 3195 opinionem
2255 3103 2527 3175 amitte*

398 3235 503 3300 ret
538 3235 661 3300 aut
699 3229 890 3300 hona
925 3228 1256 3319 malaque
1290 3227 1481 3319 apud
1517 3225 1700 3299 alios
1732 3228 1931 3299 nullo
1967 3227 2379 3299 discrimine
2415 3249 2527 3316 pa·

398 3360 663 3425 teretur
708 3352 833 3447 (1).

497 3479 836 3565 Quocirca
894 3477 1220 3549 Chilonis
1286 3478 1499 3549 verba
1556 3478 1645 3549 de
1690 3496 1932 3550 amore
1984 3483 2051 3547 et
2103 3479 2271 3547 adiu
2335 3479 2523 3547 iutra

400 3603 689 3676 modum
730 3603 1117 3676 coercendo
1158 3603 1402 3675 laudat
1440 3596 1643 3695 quasi
1691 3601 2103 3695 emploratae
2139 3603 2455 3671 atil-itatis
2499 3627 2519 3667 :
2588 3619 2632 3667 r..
2672 3615 2712 3671 1Ὶ
2748 3627 2788 3663 n.
2828 3631 2896 3663 m.
2940 3623 2984 3659 ιι

402 3730 497 3801 ita
540 3748 833 3820 prorsus
875 3736 1189 3800 extrema
1240 3727 1541 3798 consilia
1593 3726 1945 3809 vitantur,
2007 3727 2131 3799 sed
2187 3747 2323 3795 una
2375 3727 2531 3815 pul-

398 3854 568 3926 chra
611 3853 926 3926 facinora
955 3861 1023 3925 et
1057 3854 1511 3936 devotiones,
1560 3872 1744 3944 quae
1797 3852 2111 3925 laudarit
2167 3855 2319 3943 ipse
2367 3855 2531 3923 Gal-

400 3981 564 4062 lius,
610 3980 1010 4052 abolentur.
1055 3979 1209 4050 Non
1252 3980 1485 4050 solum
1530 3981 1602 4049 in
1637 3979 1936 4051 consilio
1967 3987 2035 4050 et
2067 3979 2363 4067 jndicio,
2403 3975 2527 4047 aad

460 4257 523 4321 (1)
548 4255 630 4309 Cf.
655 4257 871 4323 Teuffel,
904 4274 985 4324 op.
1018 4260 1123 4323 cit„
1155 4275 1208 4323 p.
1238 4259 1316 4312 43.
