<?xml version="1.0" encoding="UTF-8"?>
<!DOCTYPE html PUBLIC "-//W3C//DTD XHTML 1.0 Transitional//EN"
    "http://www.w3.org/TR/xhtml1/DTD/xhtml1-transitional.dtd">
<html xmlns="http://www.w3.org/1999/xhtml" xml:lang="en" lang="en">
 <head>
  <title>
</title>
<meta http-equiv="Content-Type" content="text/html;charset=utf-8" />
  <meta name='ocr-system' content='tesseract 3.04.00' />
  <meta name='ocr-capabilities' content='ocr_page ocr_carea ocr_par ocr_line ocrx_word'/>
</head>
<body>
  <div class='ocr_page' id='page_1' title='image "./aulusgelliusqua00dewagoog_0144.png"; bbox 0 0 3125 4959; ppageno 0'>
   <div class='ocr_carea' id='block_1_1' title="bbox 185 2289 605 2466">
    <p class='ocr_par' dir='ltr' id='par_1_1' title="bbox 185 2289 605 2466">
     <span class='ocr_line' id='line_1_1' title="bbox 185 2289 605 2348; baseline -0.014 -7"><span class='ocrx_word' id='word_1_1' title='bbox 185 2292 236 2341; x_wconf 91' lang='lat' dir='ltr'><strong>L.</strong></span> <span class='ocrx_word' id='word_1_2' title='bbox 261 2289 381 2348; x_wconf 78' lang='lat' dir='ltr'><strong>xlv,</strong></span> <span class='ocrx_word' id='word_1_3' title='bbox 398 2300 439 2338; x_wconf 88' lang='lat' dir='ltr'><strong>c.</strong></span> <span class='ocrx_word' id='word_1_4' title='bbox 463 2300 511 2346; x_wconf 85' lang='lat' dir='ltr'><strong>n,</strong></span> <span class='ocrx_word' id='word_1_5' title='bbox 530 2291 605 2336; x_wconf 76' lang='lat'><strong>21.</strong></span> 
     </span>
     <span class='ocr_line' id='line_1_2' title="bbox 235 2409 567 2466; baseline -0.009 -6"><span class='ocrx_word' id='word_1_6' title='bbox 235 2411 287 2460; x_wconf 90' lang='lat' dir='ltr'><strong>L.</strong></span> <span class='ocrx_word' id='word_1_7' title='bbox 319 2409 426 2466; x_wconf 80' lang='lat' dir='ltr'><strong>XX,</strong></span> <span class='ocrx_word' id='word_1_8' title='bbox 459 2422 501 2461; x_wconf 91' lang='lat' dir='ltr'><strong>c.</strong></span> <span class='ocrx_word' id='word_1_9' title='bbox 532 2421 567 2458; x_wconf 83' lang='lat'><strong>1.</strong></span> 
     </span>
    </p>
   </div>
   <div class='ocr_carea' id='block_1_2' title="bbox 188 3042 606 3102">
    <p class='ocr_par' dir='ltr' id='par_1_2' title="bbox 188 3042 606 3102">
     <span class='ocr_line' id='line_1_3' title="bbox 188 3042 606 3102; baseline -0.012 -8"><span class='ocrx_word' id='word_1_10' title='bbox 188 3045 237 3094; x_wconf 90' lang='lat' dir='ltr'><strong>L.</strong></span> <span class='ocrx_word' id='word_1_11' title='bbox 262 3042 381 3102; x_wconf 76' lang='lat' dir='ltr'><strong>xvi,</strong></span> <span class='ocrx_word' id='word_1_12' title='bbox 405 3054 445 3091; x_wconf 90' lang='lat' dir='ltr'><strong>c.</strong></span> <span class='ocrx_word' id='word_1_13' title='bbox 472 3055 539 3097; x_wconf 80' lang='grc' dir='ltr'><strong>ιν.</strong></span> <span class='ocrx_word' id='word_1_14' title='bbox 564 3044 606 3089; x_wconf 78' lang='lat'><strong>1.</strong></span> 
     </span>
    </p>
   </div>
   <div class='ocr_carea' id='block_1_3' title="bbox 186 3291 611 3354">
    <p class='ocr_par' dir='ltr' id='par_1_3' title="bbox 186 3291 611 3354">
     <span class='ocr_line' id='line_1_4' title="bbox 186 3291 611 3354; baseline 0.002 -13"><span class='ocrx_word' id='word_1_15' title='bbox 186 3292 239 3341; x_wconf 91' lang='lat' dir='ltr'><strong>L.</strong></span> <span class='ocrx_word' id='word_1_16' title='bbox 261 3291 383 3354; x_wconf 81' lang='lat' dir='ltr'><strong>XVI,</strong></span> <span class='ocrx_word' id='word_1_17' title='bbox 402 3303 445 3342; x_wconf 85' lang='lat' dir='ltr'><strong>c.</strong></span> <span class='ocrx_word' id='word_1_18' title='bbox 470 3305 540 3351; x_wconf 75' lang='lat' dir='ltr'><strong>nr,</strong></span> <span class='ocrx_word' id='word_1_19' title='bbox 565 3295 611 3342; x_wconf 72' lang='grc' dir='ltr'><strong>ὅ.</strong></span> 
     </span>
    </p>
   </div>
   <div class='ocr_carea' id='block_1_4' title="bbox 226 3659 570 3712">
    <p class='ocr_par' dir='ltr' id='par_1_4' title="bbox 226 3659 570 3712">
     <span class='ocr_line' id='line_1_5' title="bbox 226 3659 570 3712; baseline -0.009 0"><span class='ocrx_word' id='word_1_20' title='bbox 226 3661 280 3712; x_wconf 91' lang='lat' dir='ltr'><strong>L.</strong></span> <span class='ocrx_word' id='word_1_21' title='bbox 307 3659 343 3710; x_wconf 91' lang='lat' dir='ltr'><strong>l.</strong></span> <span class='ocrx_word' id='word_1_22' title='bbox 376 3672 417 3710; x_wconf 88' lang='lat' dir='ltr'><strong>c.</strong></span> <span class='ocrx_word' id='word_1_23' title='bbox 448 3672 570 3710; x_wconf 83' lang='lat' dir='ltr'><strong>xxv.</strong></span> 
     </span>
    </p>
   </div>
   <div class='ocr_carea' id='block_1_5' title="bbox 1558 499 1917 564">
    <p class='ocr_par' dir='ltr' id='par_1_5' title="bbox 1558 499 1917 564">
     <span class='ocr_line' id='line_1_6' title="bbox 1558 499 1917 564; baseline -0.006 0"><span class='ocrx_word' id='word_1_24' title='bbox 1558 499 1917 564; x_wconf 73' lang='lat'>-114-</span> 
     </span>
    </p>
   </div>
   <div class='ocr_carea' id='block_1_6' title="bbox 664 640 2825 2982">
    <p class='ocr_par' dir='ltr' id='par_1_6' title="bbox 664 640 2825 1611">
     <span class='ocr_line' id='line_1_7' title="bbox 672 640 2825 732; baseline 0 -16"><span class='ocrx_word' id='word_1_25' title='bbox 672 642 813 716; x_wconf 88' lang='lat' dir='ltr'><strong>alia</strong></span> <span class='ocrx_word' id='word_1_26' title='bbox 853 641 1174 715; x_wconf 78' lang='lat' dir='ltr'><strong>iaciendo</strong></span> <span class='ocrx_word' id='word_1_27' title='bbox 1215 659 1328 714; x_wconf 85' lang='lat' dir='ltr'><strong>res</strong></span> <span class='ocrx_word' id='word_1_28' title='bbox 1372 640 1628 714; x_wconf 88' lang='lat' dir='ltr'><strong>melius</strong></span> <span class='ocrx_word' id='word_1_29' title='bbox 1654 643 1938 714; x_wconf 87' lang='lat' dir='ltr'><strong>evenire</strong></span> <span class='ocrx_word' id='word_1_30' title='bbox 1976 642 2231 732; x_wconf 85' lang='lat' dir='ltr'><strong>possit.</strong></span> <span class='ocrx_word' id='word_1_31' title='bbox 2273 641 2381 715; x_wconf 81' lang='lat' dir='ltr'><strong>Ad</strong></span> <span class='ocrx_word' id='word_1_32' title='bbox 2414 643 2593 715; x_wconf 86' lang='lat' dir='ltr'><strong>baec</strong></span> <span class='ocrx_word' id='word_1_33' title='bbox 2624 642 2825 716; x_wconf 89' lang='lat' dir='ltr'><strong>adde</strong></span> 
     </span>
     <span class='ocr_line' id='line_1_8' title="bbox 671 766 2818 861; baseline -0.001 -20"><span class='ocrx_word' id='word_1_34' title='bbox 671 787 754 841; x_wconf 84' lang='lat' dir='ltr'><strong>ea</strong></span> <span class='ocrx_word' id='word_1_35' title='bbox 792 788 977 861; x_wconf 88' lang='lat' dir='ltr'><strong>quae</strong></span> <span class='ocrx_word' id='word_1_36' title='bbox 1033 768 1122 841; x_wconf 83' lang='lat' dir='ltr'><strong>de</strong></span> <span class='ocrx_word' id='word_1_37' title='bbox 1178 766 1576 839; x_wconf 87' lang='lat' dir='ltr'><strong>honoribus</strong></span> <span class='ocrx_word' id='word_1_38' title='bbox 1622 767 2064 858; x_wconf 85' lang='lat' dir='ltr'><strong>magistratui</strong></span> <span class='ocrx_word' id='word_1_39' title='bbox 2121 767 2386 840; x_wconf 88' lang='lat' dir='ltr'><strong>debitis</strong></span> <span class='ocrx_word' id='word_1_40' title='bbox 2422 769 2571 858; x_wconf 88' lang='lat' dir='ltr'><strong>jam</strong></span> <span class='ocrx_word' id='word_1_41' title='bbox 2614 768 2818 839; x_wconf 86' lang='lat' dir='ltr'><strong>dixi-</strong></span> 
     </span>
     <span class='ocr_line' id='line_1_9' title="bbox 673 891 2820 981; baseline 0 -17"><span class='ocrx_word' id='word_1_42' title='bbox 673 911 833 964; x_wconf 88' lang='lat' dir='ltr'><strong>mus</strong></span> <span class='ocrx_word' id='word_1_43' title='bbox 871 899 940 964; x_wconf 85' lang='lat' dir='ltr'><strong>ot</strong></span> <span class='ocrx_word' id='word_1_44' title='bbox 994 910 1168 964; x_wconf 88' lang='lat' dir='ltr'><strong>sane</strong></span> <span class='ocrx_word' id='word_1_45' title='bbox 1211 891 1560 981; x_wconf 72' lang='lat' dir='ltr'><strong>coniicore</strong></span> <span class='ocrx_word' id='word_1_46' title='bbox 1604 891 1872 981; x_wconf 86' lang='lat' dir='ltr'><strong>poteris</strong></span> <span class='ocrx_word' id='word_1_47' title='bbox 1921 892 2227 964; x_wconf 86' lang='lat' dir='ltr'><strong>Gellium</strong></span> <span class='ocrx_word' id='word_1_48' title='bbox 2283 901 2597 965; x_wconf 84' lang='lat' dir='ltr'><strong>veterum</strong></span> <span class='ocrx_word' id='word_1_49' title='bbox 2662 913 2820 965; x_wconf 91' lang='lat' dir='ltr'><strong>mo·</strong></span> 
     </span>
     <span class='ocr_line' id='line_1_10' title="bbox 672 1016 2815 1109; baseline 0 -20"><span class='ocrx_word' id='word_1_50' title='bbox 672 1036 871 1105; x_wconf 90' lang='lat' dir='ltr'><strong>rum,</strong></span> <span class='ocrx_word' id='word_1_51' title='bbox 917 1017 1110 1109; x_wconf 87' lang='lat' dir='ltr'><strong>quod</strong></span> <span class='ocrx_word' id='word_1_52' title='bbox 1153 1016 1444 1108; x_wconf 90' lang='lat' dir='ltr'><strong>quidem</strong></span> <span class='ocrx_word' id='word_1_53' title='bbox 1487 1018 1561 1087; x_wconf 92' lang='lat' dir='ltr'><strong>in</strong></span> <span class='ocrx_word' id='word_1_54' title='bbox 1615 1016 1813 1087; x_wconf 90' lang='lat' dir='ltr'><strong>illius</strong></span> <span class='ocrx_word' id='word_1_55' title='bbox 1868 1024 2187 1108; x_wconf 87' lang='lat' dir='ltr'><strong>tempore</strong></span> <span class='ocrx_word' id='word_1_56' title='bbox 2226 1017 2643 1107; x_wconf 83' lang='lat' dir='ltr'><strong>frequenter</strong></span> <span class='ocrx_word' id='word_1_57' title='bbox 2682 1018 2815 1090; x_wconf 83' lang='lat' dir='ltr'><strong>fie-</strong></span> 
     </span>
     <span class='ocr_line' id='line_1_11' title="bbox 671 1141 2819 1225; baseline 0.001 -13"><span class='ocrx_word' id='word_1_58' title='bbox 671 1142 831 1225; x_wconf 91' lang='lat' dir='ltr'><strong>bat,</strong></span> <span class='ocrx_word' id='word_1_59' title='bbox 877 1142 1380 1218; x_wconf 80' lang='lat' dir='ltr'><strong>admiratorem</strong></span> <span class='ocrx_word' id='word_1_60' title='bbox 1425 1141 1647 1212; x_wconf 81' lang='lat' dir='ltr'><strong>fuisse</strong></span> <span class='ocrx_word' id='word_1_61' title='bbox 1700 1149 1768 1212; x_wconf 86' lang='lat' dir='ltr'><strong>et</strong></span> <span class='ocrx_word' id='word_1_62' title='bbox 1820 1160 1978 1212; x_wconf 93' lang='lat' dir='ltr'><strong>cum</strong></span> <span class='ocrx_word' id='word_1_63' title='bbox 2023 1141 2361 1214; x_wconf 79' lang='lat' dir='ltr'>Cicerone</span> <span class='ocrx_word' id='word_1_64' title='bbox 2400 1145 2819 1215; x_wconf 84' lang='lat' dir='ltr'><strong>consentire</strong></span> 
     </span>
     <span class='ocr_line' id='line_1_12' title="bbox 668 1263 2812 1360; baseline -0.001 -22"><span class='ocrx_word' id='word_1_65' title='bbox 668 1267 943 1339; x_wconf 84' lang='lat' dir='ltr'><strong>civibus</strong></span> <span class='ocrx_word' id='word_1_66' title='bbox 989 1266 1515 1360; x_wconf 84' lang='lat' dir='ltr'><strong>praescribente</strong></span> <span class='ocrx_word' id='word_1_67' title='bbox 1551 1284 1700 1336; x_wconf 72' lang='lat' dir='ltr'><strong>non</strong></span> <span class='ocrx_word' id='word_1_68' title='bbox 1737 1264 1961 1336; x_wconf 82' lang='lat' dir='ltr'><strong>solum</strong></span> <span class='ocrx_word' id='word_1_69' title='bbox 2017 1270 2101 1335; x_wconf 86' lang='lat' dir='ltr'><strong>ut</strong></span> <span class='ocrx_word' id='word_1_70' title='bbox 2137 1263 2612 1357; x_wconf 74' lang='lat' dir='ltr'><em>obtemperent</em></span> <span class='ocrx_word' id='word_1_71' title='bbox 2650 1265 2812 1335; x_wconf 81' lang='lat' dir='ltr'><strong>obe-</strong></span> 
     </span>
     <span class='ocr_line' id='line_1_13' title="bbox 664 1387 2817 1484; baseline -0 -25"><span class='ocrx_word' id='word_1_72' title='bbox 664 1390 1003 1484; x_wconf 78' lang='lat' dir='ltr'><strong>diantque</strong></span> <span class='ocrx_word' id='word_1_73' title='bbox 1043 1387 1580 1482; x_wconf 69' lang='lat' dir='ltr'><strong>maqistratibus</strong></span> <span class='ocrx_word' id='word_1_74' title='bbox 1605 1445 1622 1472; x_wconf 91' lang='lat'><strong><em>‚</em></strong></span> <span class='ocrx_word' id='word_1_75' title='bbox 1664 1388 1787 1459; x_wconf 82' lang='lat' dir='ltr'><strong>sed</strong></span> <span class='ocrx_word' id='word_1_76' title='bbox 1822 1388 2033 1459; x_wconf 76' lang='lat' dir='ltr'><strong>etiam</strong></span> <span class='ocrx_word' id='word_1_77' title='bbox 2085 1394 2161 1457; x_wconf 83' lang='lat' dir='ltr'><strong>ut</strong></span> <span class='ocrx_word' id='word_1_78' title='bbox 2205 1410 2316 1459; x_wconf 84' lang='lat' dir='ltr'><strong>eos</strong></span> <span class='ocrx_word' id='word_1_79' title='bbox 2365 1389 2601 1460; x_wconf 81' lang='lat' dir='ltr'><em>colant</em></span> <span class='ocrx_word' id='word_1_80' title='bbox 2643 1390 2817 1461; x_wconf 78' lang='lat' dir='ltr'><em>dili-</em></span> 
     </span>
     <span class='ocr_line' id='line_1_14' title="bbox 666 1514 1143 1611; baseline 0 -25"><span class='ocrx_word' id='word_1_81' title='bbox 666 1521 975 1609; x_wconf 69' lang='lat' dir='ltr'><strong>qantque</strong></span> <span class='ocrx_word' id='word_1_82' title='bbox 1021 1514 1143 1611; x_wconf 85' lang='lat' dir='ltr'><strong>(l).</strong></span> 
     </span>
    </p>

    <p class='ocr_par' dir='ltr' id='par_1_7' title="bbox 665 1639 2820 2603">
     <span class='ocr_line' id='line_1_15' title="bbox 767 1639 2819 1732; baseline 0.002 -22"><span class='ocrx_word' id='word_1_83' title='bbox 767 1641 845 1711; x_wconf 93' lang='lat' dir='ltr'><strong>ln</strong></span> <span class='ocrx_word' id='word_1_84' title='bbox 879 1639 1173 1730; x_wconf 87' lang='lat' dir='ltr'><strong>judiciis</strong></span> <span class='ocrx_word' id='word_1_85' title='bbox 1213 1639 1522 1732; x_wconf 89' lang='lat' dir='ltr'><strong>publicis</strong></span> <span class='ocrx_word' id='word_1_86' title='bbox 1564 1658 1712 1711; x_wconf 90' lang='lat' dir='ltr'><strong>non</strong></span> <span class='ocrx_word' id='word_1_87' title='bbox 1753 1658 1958 1713; x_wconf 90' lang='lat' dir='ltr'><strong>secus</strong></span> <span class='ocrx_word' id='word_1_88' title='bbox 1992 1658 2073 1712; x_wconf 91' lang='lat' dir='ltr'><strong>ac</strong></span> <span class='ocrx_word' id='word_1_89' title='bbox 2107 1640 2182 1711; x_wconf 92' lang='lat' dir='ltr'><strong>in</strong></span> <span class='ocrx_word' id='word_1_90' title='bbox 2238 1640 2540 1718; x_wconf 84' lang='lat' dir='ltr'><strong>historia</strong></span> <span class='ocrx_word' id='word_1_91' title='bbox 2579 1650 2652 1713; x_wconf 90' lang='lat' dir='ltr'><strong>et</strong></span> <span class='ocrx_word' id='word_1_92' title='bbox 2695 1643 2819 1715; x_wconf 82' lang='lat' dir='ltr'><strong>lit·-</strong></span> 
     </span>
     <span class='ocr_line' id='line_1_16' title="bbox 669 1763 2816 1857; baseline 0.001 -21"><span class='ocrx_word' id='word_1_93' title='bbox 669 1765 838 1837; x_wconf 86' lang='lat' dir='ltr'><strong>teris</strong></span> <span class='ocrx_word' id='word_1_94' title='bbox 915 1763 1305 1856; x_wconf 87' lang='lat' dir='ltr'><strong>plurimum</strong></span> <span class='ocrx_word' id='word_1_95' title='bbox 1386 1766 1619 1838; x_wconf 87' lang='lat' dir='ltr'><strong>valent</strong></span> <span class='ocrx_word' id='word_1_96' title='bbox 1693 1763 2102 1837; x_wconf 85' lang='lat' dir='ltr'><strong>testimonia</strong></span> <span class='ocrx_word' id='word_1_97' title='bbox 2177 1790 2193 1835; x_wconf 91' lang='lat'><strong>:</strong></span> <span class='ocrx_word' id='word_1_98' title='bbox 2277 1784 2816 1857; x_wconf 86' lang='lat' dir='ltr'><strong>nonnunquam</strong></span> 
     </span>
     <span class='ocr_line' id='line_1_17' title="bbox 669 1889 2820 1983; baseline 0 -21"><span class='ocrx_word' id='word_1_99' title='bbox 669 1891 884 1983; x_wconf 82' lang='lat' dir='ltr'><strong>igitur</strong></span> <span class='ocrx_word' id='word_1_100' title='bbox 915 1890 1004 1963; x_wconf 89' lang='lat' dir='ltr'><strong>de</strong></span> <span class='ocrx_word' id='word_1_101' title='bbox 1043 1889 1132 1961; x_wconf 89' lang='lat' dir='ltr'><strong>iis</strong></span> <span class='ocrx_word' id='word_1_102' title='bbox 1174 1890 1450 1962; x_wconf 86' lang='lat' dir='ltr'><strong>locutus</strong></span> <span class='ocrx_word' id='word_1_103' title='bbox 1487 1896 1596 1962; x_wconf 88' lang='lat' dir='ltr'><strong>est</strong></span> <span class='ocrx_word' id='word_1_104' title='bbox 1635 1889 1905 1961; x_wconf 79' lang='lat' dir='ltr'><strong>Gellius</strong></span> <span class='ocrx_word' id='word_1_105' title='bbox 1942 1914 1958 1960; x_wconf 74' lang='grc' dir='ltr'><strong><em>ε</em></strong></span> <span class='ocrx_word' id='word_1_106' title='bbox 1999 1890 2316 1962; x_wconf 83' lang='lat' dir='ltr'><strong>ostendit</strong></span> <span class='ocrx_word' id='word_1_107' title='bbox 2354 1893 2820 1981; x_wconf 81' lang='lat' dir='ltr'><strong>qua·ratione</strong></span> 
     </span>
     <span class='ocr_line' id='line_1_18' title="bbox 668 2013 2819 2105; baseline 0.001 -19"><span class='ocrx_word' id='word_1_108' title='bbox 668 2013 1024 2086; x_wconf 89' lang='lat' dir='ltr'><strong>contraria</strong></span> <span class='ocrx_word' id='word_1_109' title='bbox 1061 2013 1473 2086; x_wconf 87' lang='lat' dir='ltr'><strong>testimonia</strong></span> <span class='ocrx_word' id='word_1_110' title='bbox 1511 2014 1584 2084; x_wconf 92' lang='lat' dir='ltr'><strong>in</strong></span> <span class='ocrx_word' id='word_1_111' title='bbox 1633 2013 1912 2085; x_wconf 87' lang='lat' dir='ltr'><strong>actione</strong></span> <span class='ocrx_word' id='word_1_112' title='bbox 1947 2013 2390 2105; x_wconf 88' lang='lat' dir='ltr'><strong>perpendere</strong></span> <span class='ocrx_word' id='word_1_113' title='bbox 2426 2014 2700 2097; x_wconf 86' lang='lat' dir='ltr'><strong>deceat,</strong></span> <span class='ocrx_word' id='word_1_114' title='bbox 2742 2024 2819 2089; x_wconf 82' lang='lat' dir='ltr'><strong>et</strong></span> 
     </span>
     <span class='ocr_line' id='line_1_19' title="bbox 668 2137 2819 2231; baseline -0.001 -22"><span class='ocrx_word' id='word_1_115' title='bbox 668 2139 854 2211; x_wconf 84' lang='lat' dir='ltr'><strong>hanc</strong></span> <span class='ocrx_word' id='word_1_116' title='bbox 896 2156 1116 2231; x_wconf 86' lang='lat' dir='ltr'><strong>propo</strong></span> <span class='ocrx_word' id='word_1_117' title='bbox 1165 2138 1299 2210; x_wconf 87' lang='lat' dir='ltr'><strong>fert</strong></span> <span class='ocrx_word' id='word_1_118' title='bbox 1348 2138 1660 2229; x_wconf 86' lang='lat' dir='ltr'><strong>regulam</strong></span> <span class='ocrx_word' id='word_1_119' title='bbox 1706 2146 1782 2209; x_wconf 90' lang='lat' dir='ltr'><strong>ut</strong></span> <span class='ocrx_word' id='word_1_120' title='bbox 1816 2138 2002 2209; x_wconf 89' lang='lat' dir='ltr'><strong>inter</strong></span> <span class='ocrx_word' id='word_1_121' title='bbox 2036 2137 2220 2210; x_wconf 90' lang='lat' dir='ltr'><strong>duos</strong></span> <span class='ocrx_word' id='word_1_122' title='bbox 2261 2145 2479 2211; x_wconf 86' lang='lat' dir='ltr'><strong>testes</strong></span> <span class='ocrx_word' id='word_1_123' title='bbox 2516 2139 2819 2208; x_wconf 42' lang='lat' dir='ltr'><strong>*meliori</strong></span> 
     </span>
     <span class='ocr_line' id='line_1_20' title="bbox 665 2262 2814 2354; baseline 0.002 -22"><span class='ocrx_word' id='word_1_124' title='bbox 665 2263 819 2333; x_wconf 78' lang='lat' dir='ltr'><strong>viro</strong></span> <span class='ocrx_word' id='word_1_125' title='bbox 862 2262 1227 2347; x_wconf 85' lang='lat' dir='ltr'><strong>credatur;</strong></span> <span class='ocrx_word' id='word_1_126' title='bbox 1272 2262 1766 2354; x_wconf 88' lang='lat' dir='ltr'><strong>approbatque</strong></span> <span class='ocrx_word' id='word_1_127' title='bbox 1816 2262 2189 2335; x_wconf 74' lang='lat' dir='ltr'><strong>duodecim</strong></span> <span class='ocrx_word' id='word_1_128' title='bbox 2248 2263 2648 2336; x_wconf 89' lang='lat' dir='ltr'><strong>tabularum</strong></span> <span class='ocrx_word' id='word_1_129' title='bbox 2711 2265 2814 2337; x_wconf 85' lang='lat' dir='ltr'><strong>le-</strong></span> 
     </span>
     <span class='ocr_line' id='line_1_21' title="bbox 667 2386 2812 2480; baseline 0.001 -21"><span class='ocrx_word' id='word_1_130' title='bbox 667 2405 821 2479; x_wconf 81' lang='lat' dir='ltr'><strong>gem</strong></span> <span class='ocrx_word' id='word_1_131' title='bbox 867 2407 1010 2478; x_wconf 90' lang='lat' dir='ltr'><strong>qua</strong></span> <span class='ocrx_word' id='word_1_132' title='bbox 1049 2387 1173 2478; x_wconf 88' lang='lat' dir='ltr'><strong>qui</strong></span> <span class='ocrx_word' id='word_1_133' title='bbox 1214 2386 1472 2458; x_wconf 86' lang='lat' dir='ltr'><strong>falsum</strong></span> <span class='ocrx_word' id='word_1_134' title='bbox 1531 2387 2018 2458; x_wconf 90' lang='lat' dir='ltr'><strong>testimonium</strong></span> <span class='ocrx_word' id='word_1_135' title='bbox 2072 2387 2374 2461; x_wconf 84' lang='lat' dir='ltr'><strong>dixisset</strong></span> <span class='ocrx_word' id='word_1_136' title='bbox 2413 2409 2455 2459; x_wconf 92' lang='lat' dir='ltr'><strong>a</strong></span> <span class='ocrx_word' id='word_1_137' title='bbox 2504 2389 2812 2480; x_wconf 87' lang='lat' dir='ltr'><strong>Tarpeio</strong></span> 
     </span>
     <span class='ocr_line' id='line_1_22' title="bbox 667 2511 2544 2603; baseline -0.001 -19"><span class='ocrx_word' id='word_1_138' title='bbox 667 2531 841 2584; x_wconf 86' lang='lat' dir='ltr'><strong>saxo</strong></span> <span class='ocrx_word' id='word_1_139' title='bbox 882 2511 1373 2602; x_wconf 79' lang='lat' dir='ltr'><strong>dejiciebatur,</strong></span> <span class='ocrx_word' id='word_1_140' title='bbox 1421 2530 1726 2602; x_wconf 87' lang='lat' dir='ltr'><strong>eamque</strong></span> <span class='ocrx_word' id='word_1_141' title='bbox 1762 2511 1997 2584; x_wconf 90' lang='lat' dir='ltr'><strong>adhuc</strong></span> <span class='ocrx_word' id='word_1_142' title='bbox 2037 2512 2268 2603; x_wconf 85' lang='lat' dir='ltr'><strong>vigere</strong></span> <span class='ocrx_word' id='word_1_143' title='bbox 2307 2513 2544 2585; x_wconf 88' lang='lat' dir='ltr'><strong>vellet.</strong></span> 
     </span>
    </p>

    <p class='ocr_par' dir='ltr' id='par_1_8' title="bbox 667 2635 2810 2982">
     <span class='ocr_line' id='line_1_23' title="bbox 767 2635 2810 2729; baseline 0.002 -21"><span class='ocrx_word' id='word_1_144' title='bbox 767 2639 845 2708; x_wconf 90' lang='lat' dir='ltr'><strong>ln</strong></span> <span class='ocrx_word' id='word_1_145' title='bbox 889 2638 1023 2709; x_wconf 85' lang='lat' dir='ltr'><strong>hoc</strong></span> <span class='ocrx_word' id='word_1_146' title='bbox 1070 2636 1419 2709; x_wconf 81' lang='lat' dir='ltr'><strong>claudicat</strong></span> <span class='ocrx_word' id='word_1_147' title='bbox 1467 2636 1662 2727; x_wconf 86' lang='lat' dir='ltr'><strong>quod</strong></span> <span class='ocrx_word' id='word_1_148' title='bbox 1701 2635 1792 2707; x_wconf 89' lang='lat' dir='ltr'><strong>ad</strong></span> <span class='ocrx_word' id='word_1_149' title='bbox 1828 2637 1949 2726; x_wconf 90' lang='lat' dir='ltr'><strong>jus</strong></span> <span class='ocrx_word' id='word_1_150' title='bbox 2000 2639 2317 2729; x_wconf 86' lang='lat' dir='ltr'><strong>gentium</strong></span> <span class='ocrx_word' id='word_1_151' title='bbox 2361 2645 2672 2729; x_wconf 85' lang='lat' dir='ltr'><strong>spectat,</strong></span> <span class='ocrx_word' id='word_1_152' title='bbox 2718 2640 2810 2712; x_wconf 90' lang='lat' dir='ltr'><strong>de</strong></span> 
     </span>
     <span class='ocr_line' id='line_1_24' title="bbox 669 2761 2810 2854; baseline 0 -19"><span class='ocrx_word' id='word_1_153' title='bbox 669 2781 812 2854; x_wconf 87' lang='lat' dir='ltr'><strong>quo</strong></span> <span class='ocrx_word' id='word_1_154' title='bbox 853 2763 1078 2834; x_wconf 90' lang='lat' dir='ltr'><strong>multa</strong></span> <span class='ocrx_word' id='word_1_155' title='bbox 1114 2761 1370 2835; x_wconf 88' lang='lat' dir='ltr'><strong>leniter</strong></span> <span class='ocrx_word' id='word_1_156' title='bbox 1400 2762 1583 2834; x_wconf 83' lang='lat' dir='ltr'><strong>dixit</strong></span> <span class='ocrx_word' id='word_1_157' title='bbox 1614 2763 1856 2834; x_wconf 89' lang='lat' dir='ltr'><strong>Cicero</strong></span> <span class='ocrx_word' id='word_1_158' title='bbox 1897 2772 1964 2835; x_wconf 88' lang='lat' dir='ltr'><strong>et</strong></span> <span class='ocrx_word' id='word_1_159' title='bbox 1993 2763 2183 2854; x_wconf 91' lang='lat' dir='ltr'><strong>apud</strong></span> <span class='ocrx_word' id='word_1_160' title='bbox 2217 2765 2556 2853; x_wconf 84' lang='lat' dir='ltr'><strong>aequales</strong></span> <span class='ocrx_word' id='word_1_161' title='bbox 2594 2765 2810 2837; x_wconf 88' lang='lat' dir='ltr'><strong>Gellii</strong></span> 
     </span>
     <span class='ocr_line' id='line_1_25' title="bbox 667 2885 2810 2982; baseline -0 -22"><span class='ocrx_word' id='word_1_162' title='bbox 667 2888 1138 2982; x_wconf 81' lang='lat' dir='ltr'><strong>philosophos</strong></span> <span class='ocrx_word' id='word_1_163' title='bbox 1192 2886 1585 2978; x_wconf 89' lang='lat' dir='ltr'><strong>aliquando</strong></span> <span class='ocrx_word' id='word_1_164' title='bbox 1649 2887 2151 2978; x_wconf 89' lang='lat' dir='ltr'><strong>disputabatur</strong></span> <span class='ocrx_word' id='word_1_165' title='bbox 2223 2885 2317 2980; x_wconf 76' lang='lat'><strong>(2)</strong></span> <span class='ocrx_word' id='word_1_166' title='bbox 2389 2912 2405 2958; x_wconf 73' lang='grc' dir='ltr'>ε</span> <span class='ocrx_word' id='word_1_167' title='bbox 2469 2889 2810 2979; x_wconf 87' lang='lat' dir='ltr'><strong>pauciora</strong></span> 
     </span>
    </p>
   </div>
   <div class='ocr_carea' id='block_1_7' title="bbox 667 3012 2929 3106">
    <p class='ocr_par' dir='ltr' id='par_1_9' title="bbox 667 3012 2929 3106">
     <span class='ocr_line' id='line_1_26' title="bbox 667 3012 2929 3106; baseline 0 -20"><span class='ocrx_word' id='word_1_168' title='bbox 667 3014 862 3106; x_wconf 91' lang='lat' dir='ltr'><strong>apud</strong></span> <span class='ocrx_word' id='word_1_169' title='bbox 901 3033 1061 3087; x_wconf 88' lang='lat' dir='ltr'><strong>eum</strong></span> <span class='ocrx_word' id='word_1_170' title='bbox 1104 3014 1436 3105; x_wconf 84' lang='lat' dir='ltr'><strong>leguntur</strong></span> <span class='ocrx_word' id='word_1_171' title='bbox 1487 3012 1576 3086; x_wconf 88' lang='lat' dir='ltr'><strong>de</strong></span> <span class='ocrx_word' id='word_1_172' title='bbox 1628 3013 1862 3085; x_wconf 86' lang='lat' dir='ltr'><strong>verbis</strong></span> <span class='ocrx_word' id='word_1_173' title='bbox 1909 3013 2175 3104; x_wconf 90' lang='lat' dir='ltr'><strong>quibus</strong></span> <span class='ocrx_word' id='word_1_174' title='bbox 2225 3013 2486 3086; x_wconf 85' lang='lat' dir='ltr'><strong>fetialis</strong></span> <span class='ocrx_word' id='word_1_175' title='bbox 2533 3015 2806 3087; x_wconf 90' lang='lat' dir='ltr'><strong>bellum</strong></span> <span class='ocrx_word' id='word_1_176' title='bbox 2922 3019 2929 3024; x_wconf 85' lang='grc'><em>“</em></span> 
     </span>
    </p>
   </div>
   <div class='ocr_carea' id='block_1_8' title="bbox 665 3137 2808 3982">
    <p class='ocr_par' dir='ltr' id='par_1_10' title="bbox 665 3137 2808 3982">
     <span class='ocr_line' id='line_1_27' title="bbox 670 3137 2808 3228; baseline -0 -16"><span class='ocrx_word' id='word_1_177' title='bbox 670 3139 1003 3212; x_wconf 85' lang='lat' dir='ltr'><strong>hostibus</strong></span> <span class='ocrx_word' id='word_1_178' title='bbox 1051 3137 1448 3221; x_wconf 83' lang='lat' dir='ltr'><strong>indicebat,</strong></span> <span class='ocrx_word' id='word_1_179' title='bbox 1501 3145 1831 3228; x_wconf 85' lang='lat' dir='ltr'><strong>excerpta</strong></span> <span class='ocrx_word' id='word_1_180' title='bbox 1883 3157 1921 3209; x_wconf 93' lang='lat' dir='ltr'><strong>e</strong></span> <span class='ocrx_word' id='word_1_181' title='bbox 1973 3138 2197 3210; x_wconf 88' lang='lat' dir='ltr'><strong>Cincii</strong></span> <span class='ocrx_word' id='word_1_182' title='bbox 2255 3137 2422 3209; x_wconf 90' lang='lat' dir='ltr'><strong>libri</strong></span> <span class='ocrx_word' id='word_1_183' title='bbox 2471 3158 2602 3211; x_wconf 91' lang='lat' dir='ltr'><strong>nec</strong></span> <span class='ocrx_word' id='word_1_184' title='bbox 2640 3159 2808 3211; x_wconf 88' lang='lat' dir='ltr'><strong>exa·</strong></span> 
     </span>
     <span class='ocr_line' id='line_1_28' title="bbox 671 3260 2807 3358; baseline 0.001 -23"><span class='ocrx_word' id='word_1_185' title='bbox 671 3265 941 3336; x_wconf 90' lang='lat' dir='ltr'><strong>minata</strong></span> <span class='ocrx_word' id='word_1_186' title='bbox 987 3260 1123 3358; x_wconf 83' lang='lat'>(5),</span> <span class='ocrx_word' id='word_1_187' title='bbox 1171 3262 1260 3336; x_wconf 87' lang='lat' dir='ltr'><strong>de</strong></span> <span class='ocrx_word' id='word_1_188' title='bbox 1299 3262 1608 3335; x_wconf 90' lang='lat' dir='ltr'><strong>militum</strong></span> <span class='ocrx_word' id='word_1_189' title='bbox 1649 3263 1723 3332; x_wconf 91' lang='lat' dir='ltr'><strong>in</strong></span> <span class='ocrx_word' id='word_1_190' title='bbox 1771 3262 1960 3334; x_wconf 87' lang='lat' dir='ltr'><strong>bello</strong></span> <span class='ocrx_word' id='word_1_191' title='bbox 2001 3261 2412 3334; x_wconf 87' lang='lat' dir='ltr'><strong>obedientia</strong></span> <span class='ocrx_word' id='word_1_192' title='bbox 2451 3263 2807 3356; x_wconf 80' lang='lat' dir='ltr'><strong>furtisque</strong></span> 
     </span>
     <span class='ocr_line' id='line_1_29' title="bbox 670 3387 2808 3478; baseline 0 -16"><span class='ocrx_word' id='word_1_193' title='bbox 670 3398 739 3462; x_wconf 88' lang='lat' dir='ltr'><strong>et</strong></span> <span class='ocrx_word' id='word_1_194' title='bbox 777 3389 1130 3469; x_wconf 89' lang='lat' dir='ltr'><strong>inventis,</strong></span> <span class='ocrx_word' id='word_1_195' title='bbox 1177 3387 1775 3477; x_wconf 86' lang='lat' dir='ltr'><strong>induciarumque</strong></span> <span class='ocrx_word' id='word_1_196' title='bbox 1828 3387 2283 3460; x_wconf 85' lang='lat' dir='ltr'><strong>observantia</strong></span> <span class='ocrx_word' id='word_1_197' title='bbox 2332 3407 2604 3478; x_wconf 80' lang='lat' dir='ltr'><strong>quaea</strong></span> <span class='ocrx_word' id='word_1_198' title='bbox 2643 3408 2808 3462; x_wconf 88' lang='lat' dir='ltr'><strong>vera</strong></span> 
     </span>
     <span class='ocr_line' id='line_1_30' title="bbox 670 3512 2807 3606; baseline 0 -20"><span class='ocrx_word' id='word_1_199' title='bbox 670 3533 842 3605; x_wconf 88' lang='lat' dir='ltr'><strong>pace</strong></span> <span class='ocrx_word' id='word_1_200' title='bbox 881 3514 1222 3587; x_wconf 80' lang='lat' dir='ltr'><strong>differunt</strong></span> <span class='ocrx_word' id='word_1_201' title='bbox 1246 3567 1263 3596; x_wconf 88' lang='lat'>‚</span> <span class='ocrx_word' id='word_1_202' title='bbox 1304 3515 1653 3605; x_wconf 74' lang='lat' dir='ltr'><strong>cuiusque</strong></span> <span class='ocrx_word' id='word_1_203' title='bbox 1703 3512 1903 3583; x_wconf 78' lang='lat' dir='ltr'><em>verbi</em></span> <span class='ocrx_word' id='word_1_204' title='bbox 1952 3512 2309 3605; x_wconf 66' lang='lat' dir='ltr'><strong>oriyinem</strong></span> <span class='ocrx_word' id='word_1_205' title='bbox 2346 3514 2807 3606; x_wconf 84' lang='lat' dir='ltr'><strong>grammatice</strong></span> 
     </span>
     <span class='ocr_line' id='line_1_31' title="bbox 670 3637 2804 3731; baseline 0 -21"><span class='ocrx_word' id='word_1_206' title='bbox 670 3639 977 3728; x_wconf 86' lang='lat' dir='ltr'><strong>quaerit.</strong></span> <span class='ocrx_word' id='word_1_207' title='bbox 1027 3678 1111 3689; x_wconf 91' lang='lat'><strong>--</strong></span> <span class='ocrx_word' id='word_1_208' title='bbox 1155 3638 1402 3710; x_wconf 87' lang='lat' dir='ltr'><strong>Utrum</strong></span> <span class='ocrx_word' id='word_1_209' title='bbox 1444 3656 1527 3710; x_wconf 90' lang='lat' dir='ltr'><strong>ea</strong></span> <span class='ocrx_word' id='word_1_210' title='bbox 1568 3656 1752 3728; x_wconf 86' lang='lat' dir='ltr'><strong>quae</strong></span> <span class='ocrx_word' id='word_1_211' title='bbox 1792 3638 1879 3710; x_wconf 88' lang='lat' dir='ltr'><strong>de</strong></span> <span class='ocrx_word' id='word_1_212' title='bbox 1917 3637 2235 3731; x_wconf 81' lang='lat' dir='ltr'><strong>gentium</strong></span> <span class='ocrx_word' id='word_1_213' title='bbox 2269 3639 2430 3729; x_wconf 87' lang='lat' dir='ltr'><strong>jnre</strong></span> <span class='ocrx_word' id='word_1_214' title='bbox 2468 3640 2674 3712; x_wconf 89' lang='lat' dir='ltr'><strong>stoici</strong></span> <span class='ocrx_word' id='word_1_215' title='bbox 2711 3639 2804 3710; x_wconf 88' lang='lat' dir='ltr'><strong>ad</strong></span> 
     </span>
     <span class='ocr_line' id='line_1_32' title="bbox 666 3763 2804 3838; baseline -0 0"><span class='ocrx_word' id='word_1_216' title='bbox 666 3782 1118 3838; x_wconf 89' lang='lat' dir='ltr'><strong>communem</strong></span> <span class='ocrx_word' id='word_1_217' title='bbox 1174 3765 1546 3836; x_wconf 91' lang='lat' dir='ltr'><strong>hominum</strong></span> <span class='ocrx_word' id='word_1_218' title='bbox 1607 3765 2013 3837; x_wconf 87' lang='lat' dir='ltr'><strong>societatem</strong></span> <span class='ocrx_word' id='word_1_219' title='bbox 2061 3763 2492 3836; x_wconf 90' lang='lat' dir='ltr'><strong>inclinantes</strong></span> <span class='ocrx_word' id='word_1_220' title='bbox 2532 3764 2804 3837; x_wconf 86' lang='lat' dir='ltr'><strong>sentie-</strong></span> 
     </span>
     <span class='ocr_line' id='line_1_33' title="bbox 665 3888 2804 3982; baseline -0.002 -17"><span class='ocrx_word' id='word_1_221' title='bbox 665 3892 842 3965; x_wconf 91' lang='lat' dir='ltr'><strong>bant</strong></span> <span class='ocrx_word' id='word_1_222' title='bbox 898 3891 1096 3982; x_wconf 90' lang='lat' dir='ltr'><strong>parvi</strong></span> <span class='ocrx_word' id='word_1_223' title='bbox 1155 3889 1395 3964; x_wconf 81' lang='lat' dir='ltr'><strong>fecerit</strong></span> <span class='ocrx_word' id='word_1_224' title='bbox 1445 3909 1536 3959; x_wconf 94' lang='lat' dir='ltr'><strong>an</strong></span> <span class='ocrx_word' id='word_1_225' title='bbox 1594 3888 1802 3981; x_wconf 88' lang='lat' dir='ltr'><strong>quasi</strong></span> <span class='ocrx_word' id='word_1_226' title='bbox 1865 3888 2356 3980; x_wconf 83' lang='lat' dir='ltr'><strong>vulgatissima</strong></span> <span class='ocrx_word' id='word_1_227' title='bbox 2411 3889 2804 3980; x_wconf 83' lang='lat' dir='ltr'><strong>neglexerit</strong></span> 
     </span>
    </p>
   </div>
   <div class='ocr_carea' id='block_1_9' title="bbox 725 4113 2098 4360">
    <p class='ocr_par' dir='ltr' id='par_1_11' title="bbox 725 4113 2098 4360">
     <span class='ocr_line' id='line_1_34' title="bbox 725 4113 2098 4179; baseline -0.002 -14"><span class='ocrx_word' id='word_1_228' title='bbox 725 4116 793 4179; x_wconf 85' lang='lat'><strong>(1)</strong></span> <span class='ocrx_word' id='word_1_229' title='bbox 826 4113 957 4179; x_wconf 64' lang='lat' dir='ltr'><strong>Cic„</strong></span> <span class='ocrx_word' id='word_1_230' title='bbox 985 4116 1051 4165; x_wconf 80' lang='lat' dir='ltr'><strong>De</strong></span> <span class='ocrx_word' id='word_1_231' title='bbox 1076 4114 1210 4179; x_wconf 58' lang='lat'><em>1209„</em></span> <span class='ocrx_word' id='word_1_232' title='bbox 1238 4114 1334 4177; x_wconf 92' lang='lat'>111,</span> <span class='ocrx_word' id='word_1_233' title='bbox 1371 4116 1410 4176; x_wconf 84' lang='lat' dir='ltr'><strong>l,</strong></span> <span class='ocrx_word' id='word_1_234' title='bbox 1444 4115 1492 4176; x_wconf 81' lang='lat'><strong>2,</strong></span> <span class='ocrx_word' id='word_1_235' title='bbox 1524 4116 1581 4175; x_wconf 78' lang='lat'><strong>53</strong></span> <span class='ocrx_word' id='word_1_236' title='bbox 1613 4115 1682 4165; x_wconf 84' lang='lat' dir='ltr'><strong>cf.</strong></span> <span class='ocrx_word' id='word_1_237' title='bbox 1710 4115 1779 4164; x_wconf 81' lang='lat' dir='ltr'><strong>De</strong></span> <span class='ocrx_word' id='word_1_238' title='bbox 1806 4116 1911 4177; x_wconf 68' lang='lat' dir='ltr'><strong>off„</strong></span> <span class='ocrx_word' id='word_1_239' title='bbox 1946 4115 1988 4176; x_wconf 89' lang='lat'><strong>1,</strong></span> <span class='ocrx_word' id='word_1_240' title='bbox 2026 4113 2098 4164; x_wconf 85' lang='lat'><strong>16.</strong></span> 
     </span>
     <span class='ocr_line' id='line_1_35' title="bbox 727 4202 1954 4269; baseline -0.002 -15"><span class='ocrx_word' id='word_1_241' title='bbox 727 4204 793 4267; x_wconf 76' lang='lat'><strong>(2)</strong></span> <span class='ocrx_word' id='word_1_242' title='bbox 824 4202 907 4254; x_wconf 84' lang='lat' dir='ltr'><strong>Cf.</strong></span> <span class='ocrx_word' id='word_1_243' title='bbox 939 4204 1120 4268; x_wconf 80' lang='lat' dir='ltr'><strong>Bonis,</strong></span> <span class='ocrx_word' id='word_1_244' title='bbox 1151 4219 1232 4269; x_wconf 82' lang='lat' dir='ltr'><strong>op.</strong></span> <span class='ocrx_word' id='word_1_245' title='bbox 1265 4205 1427 4267; x_wconf 66' lang='lat' dir='ltr'><strong>laud„</strong></span> <span class='ocrx_word' id='word_1_246' title='bbox 1454 4208 1491 4256; x_wconf 87' lang='lat' dir='ltr'><strong>t.</strong></span> <span class='ocrx_word' id='word_1_247' title='bbox 1522 4203 1593 4265; x_wconf 92' lang='lat'><strong>11,</strong></span> <span class='ocrx_word' id='word_1_248' title='bbox 1625 4219 1677 4268; x_wconf 90' lang='lat' dir='ltr'><strong>p.</strong></span> <span class='ocrx_word' id='word_1_249' title='bbox 1713 4202 1819 4263; x_wconf 84' lang='lat'><strong>171,</strong></span> <span class='ocrx_word' id='word_1_250' title='bbox 1853 4203 1954 4254; x_wconf 85' lang='lat'><strong>175.</strong></span> 
     </span>
     <span class='ocr_line' id='line_1_36' title="bbox 729 4291 1575 4360; baseline 0 -19"><span class='ocrx_word' id='word_1_251' title='bbox 729 4292 792 4360; x_wconf 88' lang='lat'><strong>(3)</strong></span> <span class='ocrx_word' id='word_1_252' title='bbox 817 4291 897 4344; x_wconf 78' lang='lat' dir='ltr'><strong>Or.</strong></span> <span class='ocrx_word' id='word_1_253' title='bbox 932 4293 1128 4356; x_wconf 83' lang='lat' dir='ltr'><strong>Ruske,</strong></span> <span class='ocrx_word' id='word_1_254' title='bbox 1160 4307 1241 4358; x_wconf 83' lang='lat' dir='ltr'><strong>op.</strong></span> <span class='ocrx_word' id='word_1_255' title='bbox 1275 4293 1382 4353; x_wconf 70' lang='lat' dir='ltr'><strong>cit„</strong></span> <span class='ocrx_word' id='word_1_256' title='bbox 1414 4307 1465 4356; x_wconf 90' lang='lat' dir='ltr'><strong>p.</strong></span> <span class='ocrx_word' id='word_1_257' title='bbox 1497 4291 1575 4341; x_wconf 85' lang='lat'><strong>33.</strong></span> 
     </span>
    </p>
   </div>
   <div class='ocr_carea' id='block_1_10' title="bbox 3119 1461 3122 2422">
    <p class='ocr_par' dir='ltr' id='par_1_12' title="bbox 3119 1461 3122 2422">
     <span class='ocr_line' id='line_1_37' title="bbox 3119 1461 3122 2422; baseline 0 0"><span class='ocrx_word' id='word_1_258' title='bbox 3119 1461 3122 2422; x_wconf 95' lang='lat' dir='ltr'><strong> </strong></span> 
     </span>
    </p>
   </div>
   <div class='ocr_carea' id='block_1_11' title="bbox 3117 2673 3121 3470">
    <p class='ocr_par' dir='ltr' id='par_1_13' title="bbox 3117 2673 3121 3470">
     <span class='ocr_line' id='line_1_38' title="bbox 3117 2673 3121 3470; baseline 0 0"><span class='ocrx_word' id='word_1_259' title='bbox 3117 2673 3121 3470; x_wconf 95' lang='lat' dir='ltr'><strong> </strong></span> 
     </span>
    </p>
   </div>
   <div class='ocr_carea' id='block_1_12' title="bbox 3115 4001 3118 4518">
    <p class='ocr_par' dir='ltr' id='par_1_14' title="bbox 3115 4001 3118 4518">
     <span class='ocr_line' id='line_1_39' title="bbox 3115 4001 3118 4518; baseline 0 0"><span class='ocrx_word' id='word_1_260' title='bbox 3115 4001 3118 4518; x_wconf 95' lang='lat' dir='ltr'><strong> </strong></span> 
     </span>
    </p>
   </div>
  </div>
 </body>
</html>
