3125 4959
158 1157 210 1207 L.
225 1155 344 1265 ΧΠὲ,
363 1168 404 1267 οἱ..
425 1167 580 1215 xxvn,

159 3147 211 3195 1...
243 3143 360 3201 xvl,
394 3156 435 3193 c.
466 3144 505 3203 1,
535 3146 582 3196 2.

1541 495 1860 558 ...85-

639 634 859 706 nullis
898 654 991 702 em
1027 631 1273 703 eadem
1307 633 1597 726 porticu
1646 633 2123 724 prudentibus
2170 632 2588 705 hominibus
2631 631 2767 703 im-

637 756 986 847 probabat
1041 763 1110 828 et
1160 755 1546 847 ainciebat
1600 783 1617 828 ε
1682 756 1875 848 quod
1934 764 2236 830 testatur
2297 775 2588 849 quoque
2641 757 2759 828 Ci-

636 897 795 951 cero
841 877 971 973 (1).

736 1006 788 1076 Ε
827 1005 1143 1078 Panaetii
1185 1005 1275 1079 de
1313 1005 1564 1079 officiis
1598 1005 1780 1079 libro
1823 1008 2173 1079 nonnulla
2202 1008 2536 1099 perutilia
2568 1025 2768 1098 prae-

636 1138 837 1221 cepta
891 1149 968 1203 se
1021 1133 1351 1204 hausisse
1393 1131 1562 1204 dicit
1603 1133 1899 1213 Gellius,
1948 1151 1985 1204 e
2040 1133 2307 1223 quibus
2346 1133 2533 1204 hanc
2580 1133 2768 1205 vitae

636 1256 1236 1328 accommodatam
1280 1256 1707 1329 sententiam
1757 1275 2001 1329 eorum
2052 1258 2469 1349 praesertim
2513 1258 2637 1349 qui
2686 1257 2767 1326 in

635 1378 863 1448 medio
900 1401 1140 1449 rerum
1179 1387 1435 1471 ayunt,
1475 1400 1558 1453 ao
1602 1380 1732 1459 sibi
1777 1381 2054 1475 suisque
2102 1403 2241 1453 esse
2292 1382 2455 1451 usui
2493 1382 2758 1465 volunt,

636 1520 817 1593 quos
859 1522 1141 1595 semper
1177 1503 1603 1575 athletarum
1644 1527 1840 1574 more
1878 1505 1969 1577 ad
2004 1524 2255 1578 omnes
2295 1515 2591 1577 eventus
2632 1525 2759 1597 pa-

638 1634 825 1699 ratos
881 1634 950 1699 et
1000 1628 1241 1711 fortes,
1306 1637 1541 1702 mente
1595 1635 1857 1711 erecta,
1913 1628 2182 1711 ardua,
2231 1635 2454 1722 septa,
2508 1628 2760 1711 solida,

632 1751 969 1845 empedita
1008 1772 1167 1826 esse
1206 1761 1509 1845 oportet.
1555 1755 1857 1845 Sapiens
1910 1754 2101 1827 enim
2143 1763 2386 1826 contra
2422 1752 2767 1845 fortunae

637 1875 956 1961 verbera,
1007 1886 1252 1950 contra
1302 1876 1600 1948 insidias
1643 1877 2080 1972 iniquorum,
2120 1878 2325 1972 quasi
2367 1875 2662 1949 brachia
2698 1883 2771 1948 et

636 2023 891 2072 manus
931 2021 1212 2094 semper
1250 2003 1676 2094 protendere
1717 2003 1954 2077 debet.

738 2129 835 2199 De
873 2128 1228 2209 Musonio,
1279 2129 1541 2200 stoicae
1587 2147 1875 2219 quoque
1916 2129 2340 2219 disciplinae
2387 2134 2759 2207 sectatore,

628 2254 773 2342 jam
816 2252 1281 2324 meminimus
1317 2276 1334 2323 ε
1380 2253 1493 2324 cui
1535 2273 1578 2324 a
1622 2254 1901 2325 Nerone
1936 2262 2224 2345 propter
2266 2252 2546 2325 Pisonis
2588 2271 2760 2324 con-

627 2378 1059 2467 jurationem
1109 2379 1183 2450 in
1237 2378 1549 2450 insulam
1594 2380 1899 2470 Gyarum
1953 2386 2344 2470 posteaque
2399 2373 2445 2449 a‘
2477 2377 2766 2450 Vitellio

634 2503 941 2594 relegato
988 2501 1117 2596 (2),
1161 2503 1676 2594 VespasianUS,
1724 2504 2022 2594 reliquis
2075 2504 2395 2596 expulsis
2435 2504 2761 2595 philoso-

634 2628 838 2719 phis,
900 2628 1237 2718 pepercit.
1308 2629 1465 2710 llle,
1537 2648 1996 2701 romanorum
2065 2629 2451 2701 stoicorum
2529 2645 2760 2710 more,

634 2751 888 2842 agendi
942 2753 1168 2844 magis
1209 2772 1421 2843 quam
1467 2754 1861 2826 meditandi
1906 2752 2144 2825 studio
2185 2772 2261 2826 se
2301 2753 2524 2835 dedit,
2569 2752 2768 2825 ideo-

637 2895 777 2966 que
837 2895 922 2948 ex
976 2877 1132 2967 eJ‘us
1191 2878 1398 2950 dictis
1456 2878 1809 2950 nonnulla
1865 2878 2178 2969 excerpit
2233 2878 2527 2951 Gellius
2591 2878 2760 2948 Pul-

639 3004 884 3075 chrum
940 3001 1122 3073 illud
1179 3003 1413 3084 refert,
1466 3003 1662 3094 quod
1719 3003 1940 3075 latine
1989 3003 2077 3075 de
2131 3022 2378 3093 graeco
2434 3020 2769 3074 sermone

638 3147 782 3218 quo
827 3126 1200 3200 Musonius
1240 3128 1345 3200 uti
1380 3127 1656 3200 solebat
1688 3128 2026 3200 vertimus
2066 3152 2083 3200 z
2135 3154 2166 3192 α
2208 3128 2280 3199 Si
2321 3127 2496 3218 quid
2537 3126 2769 3219 egeris

700 3398 765 3462 (1)
794 3398 856 3447 De
886 3399 1025 3460 Fin„
1055 3396 1148 3459 IV,
1178 3397 1240 3448 28
1272 3417 1283 3446 ι
1318 3417 1341 3442 «
1372 3395 1673 3449 Stoicorum
1704 3397 1974 3447 tristitiam
2001 3401 2159 3461 atque
2185 3398 2524 3462 asperitatem
2554 3397 2770 3460 fugiens

636 3488 940 3546 Panaetius,
960 3500 1060 3538 nec
1079 3487 1419 3537 acerbitatem
1436 3485 1818 3537 sententiarum
1838 3501 1937 3537 nec
1952 3487 2242 3536 disserendi
2261 3488 2441 3550 spinas
2460 3490 2719 3549 probavit.
2738 3504 2767 3532 u

698 3577 767 3641 (2)
805 3575 885 3627 Cf.
919 3575 1121 3625 Martha
1159 3589 1171 3625 :
1206 3595 1231 3620 α
1262 3575 1347 3625 Au
1374 3580 1609 3625 moment
1638 3577 1707 3627 oh
1738 3577 1814 3626 les
1844 3576 2049 3639 legions
2079 3576 2147 3625 de
2175 3574 2424 3625 Vitellius
2452 3580 2504 3625 et
2532 3576 2599 3625 de
2627 3573 2767 3626 Ves-

641 3666 822 3731 pasien
846 3665 1060 3716 allaient
1087 3679 1149 3714 en
1180 3665 1333 3715 venir
1353 3679 1459 3714 aux
1485 3666 1656 3715 mains
1679 3663 1873 3716 devant
1900 3665 2083 3725 Rome,
2110 3667 2241 3716 dans
2267 3679 2367 3715 une
2395 3665 2489 3714 des
2513 3666 2632 3728 plus
2655 3669 2766 3714 ter-

641 3757 800 3807 ribles
820 3759 1047 3805 attentes
1071 3754 1164 3817 qui
1186 3756 1328 3804 aient
1348 3755 1539 3818 Jamais
1561 3756 1844 3806 consterna
1871 3769 1940 3804 un
1967 3756 2174 3820 peuple‚
2195 3768 2267 3804 un
2292 3755 2619 3818 philosophe,
2642 3752 2765 3804 Mu-

639 3846 822 3896 sonius
853 3843 1056 3906 Rufus,
1090 3858 1155 3893 ne
1188 3847 1460 3907 comptant
1489 3858 1591 3907 que
1629 3857 1721 3893 sur
1749 3858 1842 3894 son
1874 3844 2160 3907 eloquenee
2197 3848 2250 3894 et
2283 3846 2334 3893 la
2366 3844 2668 3894 renommee
2701 3843 2769 3894 de

640 3950 697 3986 sa
727 3939 898 3997 vertu,
930 3948 1021 3984 osa
1050 3934 1208 3984 sortir
1244 3934 1309 3984 de
1347 3934 1396 3983 la
1425 3934 1550 3983 ville
1584 3946 1716 3997 pour
1744 3932 1948 3995 apaiser
1977 3934 2053 3983 les
2084 3933 2408 3993 assaillants,
2440 3937 2516 3994 et,
2554 3933 2689 3982 dans
2717 3933 2768 3982 la

639 4025 848 4074 naivete
879 4023 946 4073 de
981 4037 1076 4073 son
1105 4036 1358 4086 coniage,
1389 4024 1614 4072 bravant
1642 4022 1719 4073 les
1748 4022 1912 4072 risees
1939 4026 1991 4072 et
2024 4023 2101 4071 les
2129 4027 2374 4073 menaees
2401 4021 2559 4071 d'une
2587 4021 2764 4071 solda-

639 4119 823 4178 tesque
858 4112 1015 4163 avide
1045 4113 1112 4164 de
1139 4126 1272 4177 sang
1298 4117 1353 4162 et
1379 4112 1446 4163 de
1472 4112 1691 4176 pillage,
1723 4112 1760 4161 il
1792 4125 1857 4160 ne
1893 4125 1951 4162 se
1983 4112 2143 4161 retira
2179 4112 2335 4176 qu'au
2362 4115 2597 4162 moment
2628 4111 2698 4161 oh
2729 4111 2767 4160 it

636 4204 781 4253 allait
806 4218 971 4269 payer
1000 4203 1066 4253 de
1096 4217 1154 4251 sa
1179 4204 1263 4252 vie
1293 4217 1350 4252 sa
1375 4203 1571 4252 morale
1598 4202 1970 4267 intempestive
1995 4218 2021 4248 a
2043 4201 2148 4268 (Les
2170 4200 2455 4253 moralitas
2480 4214 2599 4251 sous
2626 4199 2765 4252 l'em·

631 4295 749 4360 pire
773 4293 996 4348 romain,
1027 4306 1082 4359 p.
1115 4291 1180 4356 3).
