3125 4959
112 989 149 1042 ῐ,
188 987 329 1056 xva,
348 999 387 1040 e.
416 999 465 1050 α.
488 991 533 1038 3.

116 1735 161 1792 Ι..
200 1731 341 1798 mi,
362 1745 407 1790 ι.
436 1745 523 1786 ui

118 2615 171 2672 Ι..
204 2615 353 2682 xvii,
382 2629 427 2672 ι,
458 2629 545 2670 ιιι.

120 2867 544 2934 instituerunt
572 2885 583 2900 ³

120 2983 171 3040 1,.
198 2983 252 3048 Χ,
278 2997 322 3038 ι,
350 2997 471 3050 nitu,
498 2989 543 3038 1,

1495 451 1815 516 ...58-

588 591 889 666 Hercule
952 589 1218 662 nobilis
1287 597 1396 663 est
1465 587 1560 684 (1)
1601 644 1618 673 ,
1692 597 2128 662 memoratur
2191 598 2472 662 tantum
2537 593 2735 663 inter

590 715 957 810 Euripidis
1008 713 1384 808 magistros
1447 711 1541 810 (2)
1574 768 1592 799 ,
1644 734 1805 788 cum
1852 714 2272 806 Anaxagora
2325 715 2421 810 (3)
2473 724 2546 788 et
2589 719 2731 788 So-

590 849 819 926 crate,
876 849 951 916 at
1004 841 1246 916 rhetor
1294 848 1581 915 vocatur
1626 837 1748 937 (4).
1805 841 2081 915 Gellius
2129 843 2324 915 enim
2364 844 2556 914 inter
2605 862 2730 915 so-

592 967 869 1060 phistas
907 966 1283 1060 distinguit
1323 967 1796 1058 philosophos
1836 974 1905 1040 et
1946 968 2298 1040 rhetores,
2341 970 2460 1040 Sic
2499 997 2530 1031 ‹
2574 968 2733 1040 rhe-

598 1091 860 1168 toricus
886 1091 1234 1185 sophista,
1264 1091 1456 1164 haud
1488 1109 1663 1164 sane
1693 1092 2033 1183 ignobilis
2066 1092 2344 1164 existis
2375 1095 2730 1184 argutnlis

594 1223 667 1292 et
708 1215 1006 1290 minutis
1055 1215 1466 1290 doctoribus
1507 1242 1537 1281 ι
1593 1216 1897 1289 traditur
1948 1226 2448 1309 argumentum
2490 1217 2726 1308 qnod-

592 1337 757 1414 dam
798 1341 1011 1416 Tullii
1053 1340 1627 1433 reprehendisse.
1679 1342 1873 1414 Alias
1915 1343 2352 1416 mentionem
2399 1343 2567 1414 facit
2605 1362 2727 1414 so·

594 1463 877 1560 phistae
924 1465 1149 1558 ignari
1205 1473 1600 1559 temporum
1646 1467 1912 1560 quibus
1954 1468 2126 1539 clari
2163 1478 2231 1540 et
2271 1469 2555 1541 nobiles
2597 1468 2730 1539 viri

596 1589 929 1686 vixerint,
959 1592 1161 1684 cujus
1202 1611 1436 1666 errore
1474 1593 1830 1685 impulsus
1869 1601 2086 1665 estut
2121 1594 2440 1666 tabulam
2482 1613 2735 1685 quam-

596 1713 806 1800 dam,
870 1735 995 1810 pro
1049 1723 1277 1792 aetate
1333 1720 1721 1810 cujusque,
1780 1720 2130 1791 clarorum
2190 1720 2508 1792 virorum
2571 1722 2732 1810 ipse

595 1847 1076 1934 ammoneret.
1144 1841 1423 1914 Nullam
1495 1843 1765 1916 Gellius
1835 1845 2138 1916 aliorum
2210 1844 2732 1936 discipulorum

600 1965 869 2040 Prodici
916 1965 1117 2050 lucit,
1166 1967 1504 2041 Damonis
1551 1968 1856 2053 scilicet,
1902 1970 2408 2057 Theramenis,
2456 1973 2730 2042 Isocra-

598 2091 713 2164 tie,
788 2091 1058 2165 i’rmlici
1122 2091 1444 2185 alioquin
1517 2101 1586 2166 et
1639 2095 1949 2167 Socratis
2006 2095 2441 2187 discipulum
2509 2095 2736 2167 fnisse

598 2215 1010 2312 Euripidem
1064 2223 1273 2311 negat
1320 2218 1824 2311 philosophiae
1876 2238 2286 2312 graecorum
2346 2220 2735 2293 historicus

599 2341 926 2436 quinnivis
966 2361 1122 2416 cum
1168 2342 1254 2416 iis
1296 2345 1797 2417 commercium
1840 2345 2105 2417 habere
2142 2347 2453 2437 potuerit
2498 2344 2630 2439 (5).

697 2469 1054 2556 Qumitum
1117 2467 1461 2560 sophistis
1508 2476 1695 2542 esset
1750 2470 2076 2542 infensus
2130 2471 2376 2543 multis
2435 2471 2506 2541 in
2561 2471 2736 2542 locis

600 2593 871 2670 Gellius
922 2593 1235 2668 ostendit
1293 2591 1384 2688 (6)
1439 2619 1455 2666 :
1500 2593 1811 2689 infames
1862 2595 2207 2666 materias
2262 2615 2385 2669 eos
2442 2596 2736 2669 adortos

601 2737 761 2794 esee
812 2717 1023 2804 dicit,
1088 2719 1294 2792 reteri
1348 2719 1707 2812 quomodo
1769 2739 1891 2793 eos
1947 2722 2298 2794 refelleret
2356 2702 2731 2805 Socrates,

601 2843 1014 2940 quibusque
1054 2845 1283 2918 verbis
1326 2845 1460 2917 sub
1501 2845 1811 2918 Calliclis
1853 2866 2155 2938 persona
2195 2869 2360 2917 vere
2397 2846 2734 2937 inqenue·

597 2993 731 3068 que
768 2989 890 3046 eos
948 2977 1361 3063 prosecutus
1419 2969 1512 3043 sit
1555 2971 1750 3044 Plato
1804 2997 1819 3043 ε
1874 2991 2016 3062 qua
2072 2992 2142 3044 re
2196 2972 2333 3063 ipsi
2393 2972 2733 3044 monendi

602 3111 854 3168 sumus
892 3120 923 3160 ‹
957 3113 1046 3168 ne
1080 3093 1286 3168 inerti
1322 3092 1667 3186 inanique
1700 3094 1978 3167 desidia
2011 3097 2277 3167 cultum
2312 3105 2381 3168 et
2410 3095 2732 3168 studium

662 3364 730 3430 (1)
759 3361 890 3426 Cic..
928 3363 987 3416 Dc
1015 3361 1166 3430 offic„
1201 3362 1239 3426 l,
1270 3362 1347 3414 ³2.

661 3455 729 3520 (Ἰ)
755 3451 894 3516 Cic..
927 3456 1089 3511 Ture..
1122 3451 1233 3514 111.
1272 3450 1342 3504 14.
1377 3479 1433 3491 -
1465 3448 1799 3505 contradicit
1827 3452 2022 3516 Zeller,
2057 3456 2094 3504 t.
2131 3453 2232 3515 111,
2272 3470 2324 3520 p.
2362 3454 2418 3505 15
2446 3459 2500 3505 et
2530 3455 2624 3518 203
2661 3457 2732 3506 ef.

599 3542 779 3606 Deoia,
816 3547 855 3595 t.
886 3541 926 3607 1,
958 3558 1009 3610 p.
1036 3542 1114 3595 52.

661 3633 728 3698 (3)
772 3631 907 3684 Vide
942 3631 1159 3690 Zevort.
1200 3631 1539 3683 Dissertation
1576 3645 1664 3683 sur
1704 3631 1754 3682 la
1790 3633 1871 3683 vie
1902 3641 1947 3684 et
1978 3633 2029 3683 la
2068 3634 2300 3686 doctrine
2336 3634 2732 3698 d'Anaoeaqore,

598 3740 650 3792 p,
679 3721 759 3787 24,
789 3721 868 3775 26.

660 3812 728 3879 (li)
773 3811 988 3864 Nullam
1034 3813 1257 3863 aliorum
1296 3811 1512 3862 Prodici
1557 3811 1944 3876 discipulorum
1993 3814 2315 3863 mentionem
2359 3814 2488 3863 facit
2529 3812 2734 3864 Gellius

600 3905 806 3970 (Zeller,
847 3909 885 3955 t.
920 3903 964 3954 li
986 3942 998 3966 ‚
1033 3918 1081 3968 p.
1113 3902 1238 3966 470).

659 3996 725 4060 (5)
756 3993 892 4047 Vide
918 3993 1104 4056 Zoster,
1137 3992 1170 4044 l.
1201 3992 1238 4044 ι.

659 4085 725 4149 (6)
762 4082 897 4135 Vide
924 4083 1110 4146 Zeller,
1141 4087 1178 4132 t.
1214 4081 1281 4144 11,
1315 4099 1363 4147 p.
1396 4080 1505 4145 540,
1533 4082 1645 4131 541.
1675 4108 1734 4118 -
1766 4081 1943 4143 Grote,
1975 4087 2012 4132 t.
2046 4082 2171 4144 ΧΠ,
2199 4099 2249 4146 p.
2287 4083 2371 4133 169
2398 4106 2407 4139 ;
2441 4085 2508 4133 cs.
2542 4081 2729 4142 «tanet,

601 4176 729 4226 Hist.
766 4175 829 4225 de
858 4174 909 4224 la
939 4174 1129 4224 science
1151 4172 1417 4239 potitique.
1444 4172 1493 4222 3·
1522 4172 1649 4221 edit.
1674 4210 1684 4227 ‚
1719 4176 1755 4219 t.
1787 4170 1827 4234 l,
1855 4187 1903 4235 p.
1939 4171 1997 4221 67
2017 4210 2029 4233 ,
2062 4170 2140 4222 68.
2173 4200 2229 4210 --
2262 4169 2508 4231 Fouiilee‚
2538 4171 2730 4222 Philas.

598 4267 658 4315 de
689 4265 912 4325 Socrate,
945 4269 980 4312 t.
1014 4262 1082 4325 11,
1111 4277 1161 4326 p.
1194 4262 1305 4314 344.
1338 4289 1394 4297 —
1424 4258 1715 4324 CondillaC,
1749 4262 1877 4311 Hist.
1908 4274 2043 4323 ano„
2075 4264 2112 4310 t.
2147 4261 2214 4322 X,
2247 4279 2295 4326 p.
2335 4261 2436 4312 154.
