3125 4959
1287 444 1609 508 -23-

490 588 710 658 Plana
759 592 868 658 est
919 592 988 658 et
1043 585 1286 657 stricta
1338 587 1492 674 ejus
1557 585 1949 676 disputatio
2005 567 2217 676 'cujus
2284 587 2508 659 multa

380 718 801 803 argumenta
858 714 1144 802 saepius
1191 712 1488 800 repetita
1539 710 1936 781 omittimus
1983 735 1998 780 ε
2060 710 2235 781 satis
2288 713 2381 782 sit
2427 731 2511 783 ea

380 844 630 908 notare
681 836 946 925 quibus
993 836 1386 907 Favorinus
1438 834 1831 915 contendit,
1878 834 1938 905 si
1989 836 2507 927 astrologorum

381 960 709 1033 doctrina
737 960 1199 1049 acciperetur,
1229 959 1487 1031 factum
1518 961 1607 1030 iri
1639 960 2077 1052 ut‘homines
2118 978 2263 1031 non
2303 960 2511 1033 liberi

379 1084 613 1155 forent
680 1083 805 1155 sed
880 1083 1223 1155 animalia
1290 1084 1642 1173 quaedam
1711 1085 1924 1156 sortis
1996 1085 2512 1176 stellarumque

273 1244 281 1250 ·
380 1208 794 1281 ducentium
843 1208 1182 1283 ludibria.
1217 1210 1293 1277 ln
1338 1208 1471 1279 hoc
1506 1209 1628 1280 ille
1669 1228 1826 1280 cum
1868 1209 2306 1281 Academicis
2344 1228 2511 1281 con-

380 1335 647 1406 sentire
684 1334 962 1405 videtur
1003 1334 1154 1425 qui,
1202 1340 1279 1404 ut
1319 1334 1728 1406 verisimilis
1768 1343 1876 1406 est
1924 1336 2327 1424 conjectura
2375 1330 2505 1429 (1),

378 1459 585 1530 liberi
626 1458 901 1529 arbitrii
958 1459 1451 1548 quaestionem
1504 1467 2002 1541 excusserunt,
2049 1477 2205 1530 cum
2252 1459 2511 1549 placita

380 1585 763 1655 stoicorum
810 1583 897 1655 de
943 1583 1367 1655 necessitate
1411 1584 1839 1655 refellerent.
1877 1583 2348 1673 Addebatque
2393 1585 2511 1654 mi·

343 1710 580 1780 'noris
619 1707 1107 1778 aestimandos
1149 1725 1307 1778 esse
1349 1707 1685 1778 homines
1727 1726 1850 1797 pro
1894 1716 2190 1778 naturae
2242 1708 2510 1798 magni·-

381 1832 668 1904 ficentia
707 1850 920 1921 quam
964 1837 1045 1901 ut
1091 1830 1179 1902 de
1219 1831 1323 1902 eis
1371 1837 1561 1901 astra
1613 1839 1943 1903 curarent
1982 1829 2075 1925 (2)
2128 1856 2144 1902 ε
2199 1840 2507 1904 ceterum

381 1975 668 2027 cursum
714 1956 912 2027 illum
971 1955 1306 2047 temporis
1350 1955 1852 2025 transvolantis
1895 1958 2019 2047 qui
2069 1955 2198 2025 vix
2241 1955 2512 2047 coyita-

385 2080 569 2149 tione
619 2081 851 2151 animi
897 2080 1408 2173 comprehendi
1448 2086 1669 2173 potest
1708 2081 1898 2150 nullo
1939 2088 2153 2175 pacto
2191 2080 2516 2175 perspici

371 2228 598 2297 posse.
650 2203 1077 2276 Condonare
1127 2208 1504 2298 astrologis
1552 2226 1629 2279 se
1683 2208 1889 2297 quasi
1943 2226 2069 2297 per
2121 2206 2509 2279 cavillatio—

383 2350 546 2403 nem
604 2331 908 2414 dicehat,
954 2331 1148 2422 quod
1207 2350 1350 2403 non
1401 2332 1491 2403 ab
1546 2332 1638 2403 iis
1691 2333 2084 2422 requireret
2138 2350 2262 2403 cur
2314 2332 2510 2402 illam

381 2464 739 2529 astrorum
774 2457 914 2528 vim
955 2476 1100 2527 non
1142 2464 1556 2547 paterentur
1596 2456 2072 2527 minutissima
2109 2463 2312 2526 terra
2358 2477 2513 2525 ma·

379 2580 589 2674 rique
625 2580 1056 2654 animantia.

482 2708 899 2793 Favorinus,
946 2734 977 2771 c
1009 2716 1086 2781 ut
1124 2709 1443 2780 hominis
1482 2710 1854 2799 ingenium
1885 2708 2019 2805 fuit
2056 2715 2278 2799 utque
2318 2726 2513 2799 grae-

383 2851 506 2904 cae
566 2832 1204 2924 facundiaecopia
1268 2834 1482 2905 simul
1554 2843 1623 2906 et
1684 2841 2058 2919 venustas,
2105 2860 2135 2897 ι
2190 2852 2273 2906 ea
2330 2850 2513 2923 quae

383 2956 566 3028 sicca
607 2966 675 3030 et
701 2958 969 3049 jejuna
1008 2958 1328 3030 oratione
1368 2960 1639 3031 Gellius
1679 2978 1755 3031 se
1796 2959 1897 3030 ait
1934 2959 2281 3051 attigisse,
2337 2985 2368 3021 ι
2408 2959 2513 3028 la-

386 3082 529 3154 tius
572 3089 641 3155 et
677 3085 1051 3157 amoenius
1092 3093 1161 3156 ct
1199 3084 1652 3175 splendidius
1694 3090 1761 3155 et
1801 3084 2275 3173 profluentius
2312 3099 2511 3154 exse·

385 3208 740 3296 quebatur
778 3235 808 3272 »
859 3187 942 3280 61
969 3210 1392 3299 saepissime
1432 3208 1796 3280 auditores
1839 3226 2009 3279 suos
2050 3229 2095 3277 a
2126 3205 2512 3299 yenethlia-

386 3330 484 3399 cis
516 3331 942 3416 deterrebat.

499 3461 616 3532 Sic
669 3461 761 3532 ab
826 3460 1252 3552 aequalibus
1315 3460 1468 3532 suis
1527 3459 1833 3532 dissidet
1892 3460 2320 3542 FavorinuS,
2387 3458 2511 3549 qui

453 3795 517 3858 (l)
553 3794 688 3845 Vide
718 3795 1004 3851 Brochard,
1036 3810 1120 3860 op.
1151 3797 1258 3855 cit„
1291 3812 1341 3859 p.
1376 3795 1482 3845 391.

447 3887 516 3949 (2)
549 3884 713 3938 Mont.
748 3905 771 3929 «
804 3886 877 3936 Le
905 3886 1098 3935 monde
1127 3900 1185 3935 se
1216 3886 1373 3935 laisse
1401 3886 1444 3934 si
1470 3891 1775 3947 ayseement
1805 3885 1982 3948 piper,
2013 3886 2261 3935 estimant
2291 3897 2391 3947 que
2421 3897 2516 3931 nos

387 3976 634 4029 interests
667 3976 893 4025 alterent
922 3978 969 4026 Ie
998 3977 1097 4026 ciel
1126 3983 1179 4026 et
1207 3992 1309 4039 que
1337 3990 1432 4025 son
1466 3978 1671 4026 infinito
1701 3992 1757 4025 se
1790 3977 2053 4025 formalise
2090 3975 2153 4023 de
2190 3989 2286 4023 nos
2316 3974 2516 4022 minces

383 4067 590 4130 actions
614 4084 641 4111 n
672 4082 682 4115 ε
709 4085 732 4110 σι
760 4064 880 4116 Non
909 4071 1052 4116 tanta
1080 4068 1227 4118 coelo
1256 4069 1483 4117 societas
1513 4068 1790 4117 nobiscum
1819 4073 1914 4127 est,
1943 4072 1998 4115 ut
2028 4070 2211 4115 nostro
2235 4066 2342 4113 fato
2373 4077 2515 4111 mor-

387 4157 508 4206 talis
540 4158 609 4206 sit
636 4158 725 4207 ille
751 4171 959 4220 quoque
985 4159 1219 4207 siderum
1246 4160 1472 4220 fulgor)
1505 4156 1662 4220 (Plin.
1688 4194 1700 4217 ,
1739 4159 1864 4207 Hist.
1896 4163 2102 4213 naluit,
2137 4156 2174 4204 l.
2202 4154 2278 4215 11,
2312 4168 2359 4202 c.
2390 4165 2514 4206 vnn

385 4246 580 4310 Εεεαίε,
612 4247 645 4294 l.
679 4245 753 4307 11,
782 4261 827 4297 e.
863 4248 996 4310 xm).

2567 1246 2617 1295 L.
2646 1246 2765 1308 xw,
2792 1259 2831 1296 ο.
2860 1263 2888 1299 ι,

2567 1993 2619 2041 L.
2641 1992 2759 2051 XIV,
2785 2005 2827 2044 c.
2856 2008 2884 2043 i,
2920 2005 2968 2039 31

2571 2619 2623 2667 L.
2649 2618 2767 2674 xlv,
2792 2631 2831 2667 c.
2860 2635 2884 2667 ι,
2920 2627 2964 2655 ’ἱ1

2567 3000 2619 3051 L.
2647 2999 2765 3059 le,
2790 3012 2831 3047 c.
2856 3015 2888 3055 i÷
2920 3011 2989 3043 κε.

2568 3381 2621 3430 L.
2644 3380 2762 3439 xw,
2790 3393 2828 3429 c.
2860 3395 2888 3431 1.
