<?xml version="1.0" encoding="UTF-8"?>
<!DOCTYPE html PUBLIC "-//W3C//DTD XHTML 1.0 Transitional//EN"
    "http://www.w3.org/TR/xhtml1/DTD/xhtml1-transitional.dtd">
<html xmlns="http://www.w3.org/1999/xhtml" xml:lang="en" lang="en">
 <head>
  <title>
</title>
<meta http-equiv="Content-Type" content="text/html;charset=utf-8" />
  <meta name='ocr-system' content='tesseract 3.04.00' />
  <meta name='ocr-capabilities' content='ocr_page ocr_carea ocr_par ocr_line ocrx_word'/>
</head>
<body>
  <div class='ocr_page' id='page_1' title='image "./aulusgelliusqua00dewagoog_0133.png"; bbox 0 0 3125 4959; ppageno 0'>
   <div class='ocr_carea' id='block_1_1' title="bbox 1215 476 1568 541">
    <p class='ocr_par' dir='ltr' id='par_1_1' title="bbox 1215 476 1568 541">
     <span class='ocr_line' id='line_1_1' title="bbox 1215 476 1568 541; baseline 0 0"><span class='ocrx_word' id='word_1_1' title='bbox 1215 476 1568 541; x_wconf 86' lang='lat'>—103—</span> 
     </span>
    </p>
   </div>
   <div class='ocr_carea' id='block_1_2' title="bbox 320 615 2933 2207">
    <p class='ocr_par' dir='ltr' id='par_1_2' title="bbox 320 615 2933 2207">
     <span class='ocr_line' id='line_1_2' title="bbox 325 615 2933 693; baseline -0.002 -1"><span class='ocrx_word' id='word_1_2' title='bbox 325 620 446 692; x_wconf 92' lang='lat' dir='ltr'><em>his</em></span> <span class='ocrx_word' id='word_1_3' title='bbox 499 619 737 693; x_wconf 89' lang='lat' dir='ltr'><em>verbis</em></span> <span class='ocrx_word' id='word_1_4' title='bbox 791 619 1068 692; x_wconf 88' lang='lat' dir='ltr'><em>videtur</em></span> <span class='ocrx_word' id='word_1_5' title='bbox 1122 645 1137 690; x_wconf 93' lang='lat'>:</span> <span class='ocrx_word' id='word_1_6' title='bbox 1197 646 1228 684; x_wconf 86' lang='lat'>‹</span> <span class='ocrx_word' id='word_1_7' title='bbox 1274 618 1496 692; x_wconf 85' lang='lat' dir='ltr'><em>Nobis</em></span> <span class='ocrx_word' id='word_1_8' title='bbox 1549 637 1700 691; x_wconf 92' lang='lat' dir='ltr'><em>non</em></span> <span class='ocrx_word' id='word_1_9' title='bbox 1758 618 1972 690; x_wconf 88' lang='lat' dir='ltr'><em>modo</em></span> <span class='ocrx_word' id='word_1_10' title='bbox 2023 617 2198 691; x_wconf 85' lang='lat' dir='ltr'><em>satis</em></span> <span class='ocrx_word' id='word_1_11' title='bbox 2248 615 2454 687; x_wconf 88' lang='lat' dir='ltr'><em>video</em></span> <span class='ocrx_word' id='word_1_12' title='bbox 2509 626 2933 690; x_wconf 77' lang='lat' dir='ltr'><em>L.v.c.xvm‚⁸-</em></span> 
     </span>
     <span class='ocr_line' id='line_1_3' title="bbox 326 742 2454 835; baseline -0.001 -19"><span class='ocrx_word' id='word_1_13' title='bbox 326 744 526 835; x_wconf 89' lang='lat' dir='ltr'><em>quod</em></span> <span class='ocrx_word' id='word_1_14' title='bbox 591 745 849 817; x_wconf 84' lang='lat' dir='ltr'><em>factum</em></span> <span class='ocrx_word' id='word_1_15' title='bbox 912 751 1103 818; x_wconf 87' lang='lat' dir='ltr'><em>esset</em></span> <span class='ocrx_word' id='word_1_16' title='bbox 1168 744 1241 816; x_wconf 87' lang='lat' dir='ltr'><em>id</em></span> <span class='ocrx_word' id='word_1_17' title='bbox 1304 744 1800 835; x_wconf 84' lang='lat' dir='ltr'><em>pronuntiare,</em></span> <span class='ocrx_word' id='word_1_18' title='bbox 1858 744 1987 816; x_wconf 87' lang='lat' dir='ltr'><em>sed</em></span> <span class='ocrx_word' id='word_1_19' title='bbox 2041 742 2256 815; x_wconf 83' lang='lat' dir='ltr'><em>etiam</em></span> <span class='ocrx_word' id='word_1_20' title='bbox 2313 760 2454 833; x_wconf 92' lang='lat' dir='ltr'><em>quo</em></span> 
     </span>
     <span class='ocr_line' id='line_1_4' title="bbox 326 862 2443 961; baseline -0.002 -20"><span class='ocrx_word' id='word_1_21' title='bbox 326 870 635 942; x_wconf 83' lang='lat' dir='ltr'><em>oonsilio</em></span> <span class='ocrx_word' id='word_1_22' title='bbox 659 888 948 960; x_wconf 87' lang='lat' dir='ltr'><em>quaque</em></span> <span class='ocrx_word' id='word_1_23' title='bbox 975 869 1251 942; x_wconf 84' lang='lat' dir='ltr'><em>ratione</em></span> <span class='ocrx_word' id='word_1_24' title='bbox 1269 875 1467 960; x_wconf 84' lang='lat' dir='ltr'><em>gesta</em></span> <span class='ocrx_word' id='word_1_25' title='bbox 1490 875 1736 942; x_wconf 91' lang='lat' dir='ltr'><em>essent</em></span> <span class='ocrx_word' id='word_1_26' title='bbox 1753 868 2247 941; x_wconf 85' lang='lat' dir='ltr'><em>demonstrare</em></span> <span class='ocrx_word' id='word_1_27' title='bbox 2265 862 2358 961; x_wconf 87' lang='lat'><em>(1)</em></span> <span class='ocrx_word' id='word_1_28' title='bbox 2377 890 2394 950; x_wconf 91' lang='lat'>;</span> <span class='ocrx_word' id='word_1_29' title='bbox 2413 893 2443 930; x_wconf 70' lang='grc' dir='ltr'><strong><em>ι</em></strong></span> 
     </span>
     <span class='ocr_line' id='line_1_5' title="bbox 324 990 2455 1087; baseline -0.001 -22"><span class='ocrx_word' id='word_1_30' title='bbox 324 993 676 1085; x_wconf 82' lang='lat' dir='ltr'>additque</span> <span class='ocrx_word' id='word_1_31' title='bbox 709 1018 727 1064; x_wconf 89' lang='lat'>:</span> <span class='ocrx_word' id='word_1_32' title='bbox 766 1013 1056 1067; x_wconf 86' lang='lat' dir='ltr'><em>narrare</em></span> <span class='ocrx_word' id='word_1_33' title='bbox 1092 994 1361 1068; x_wconf 86' lang='lat' dir='ltr'><em>bellum</em></span> <span class='ocrx_word' id='word_1_34' title='bbox 1396 992 1668 1064; x_wconf 89' lang='lat' dir='ltr'><em>omissis</em></span> <span class='ocrx_word' id='word_1_35' title='bbox 1703 992 2007 1064; x_wconf 87' lang='lat' dir='ltr'><em>consiliis</em></span> <span class='ocrx_word' id='word_1_36' title='bbox 2038 990 2279 1087; x_wconf 79' lang='lat' dir='ltr'><em>quibus</em></span> <span class='ocrx_word' id='word_1_37' title='bbox 2303 1013 2455 1084; x_wconf 74' lang='lat' dir='ltr'><em>qes-</em></span> 
     </span>
     <span class='ocr_line' id='line_1_6' title="bbox 324 1115 2932 1213; baseline 0 -27"><span class='ocrx_word' id='word_1_38' title='bbox 324 1124 480 1187; x_wconf 78' lang='lat' dir='ltr'><em>tum</em></span> <span class='ocrx_word' id='word_1_39' title='bbox 529 1123 625 1187; x_wconf 76' lang='lat' dir='ltr'><em>est</em></span> <span class='ocrx_word' id='word_1_40' title='bbox 670 1115 751 1187; x_wconf 89' lang='lat' dir='ltr'><em>id</em></span> <span class='ocrx_word' id='word_1_41' title='bbox 788 1116 1072 1212; x_wconf 83' lang='lat' dir='ltr'><em>fabulas</em></span> <span class='ocrx_word' id='word_1_42' title='bbox 1113 1123 1368 1213; x_wconf 84' lang='lat' dir='ltr'><em>pueris</em></span> <span class='ocrx_word' id='word_1_43' title='bbox 1415 1125 1516 1188; x_wconf 81' lang='lat' dir='ltr'><em>est</em></span> <span class='ocrx_word' id='word_1_44' title='bbox 1556 1139 1879 1189; x_wconf 86' lang='lat' dir='ltr'><em>narrare</em></span> <span class='ocrx_word' id='word_1_45' title='bbox 1929 1140 2070 1188; x_wconf 90' lang='lat' dir='ltr'><em>non</em></span> <span class='ocrx_word' id='word_1_46' title='bbox 2119 1115 2456 1188; x_wconf 80' lang='lat' dir='ltr'><em>historias</em></span> <span class='ocrx_word' id='word_1_47' title='bbox 2511 1128 2932 1191; x_wconf 79' lang='lat' dir='ltr'>L·V,c·xvu1,9.</span> 
     </span>
     <span class='ocr_line' id='line_1_7' title="bbox 320 1241 2450 1335; baseline 0 -23"><span class='ocrx_word' id='word_1_48' title='bbox 320 1241 656 1313; x_wconf 84' lang='lat' dir='ltr'><em>seribere.</em></span> <span class='ocrx_word' id='word_1_49' title='bbox 702 1244 943 1316; x_wconf 82' lang='lat' dir='ltr'>Sensit</span> <span class='ocrx_word' id='word_1_50' title='bbox 974 1262 1136 1316; x_wconf 89' lang='lat' dir='ltr'><em>vero</em></span> <span class='ocrx_word' id='word_1_51' title='bbox 1178 1262 1362 1335; x_wconf 84' lang='lat' dir='ltr'><em>quae</em></span> <span class='ocrx_word' id='word_1_52' title='bbox 1402 1245 1498 1316; x_wconf 91' lang='lat' dir='ltr'><em>sit</em></span> <span class='ocrx_word' id='word_1_53' title='bbox 1535 1244 1879 1316; x_wconf 81' lang='lat' dir='ltr'>historiae</span> <span class='ocrx_word' id='word_1_54' title='bbox 1915 1243 2019 1316; x_wconf 89' lang='lat' dir='ltr'><em>vis</em></span> <span class='ocrx_word' id='word_1_55' title='bbox 2050 1250 2121 1316; x_wconf 92' lang='lat' dir='ltr'><em>et</em></span> <span class='ocrx_word' id='word_1_56' title='bbox 2149 1242 2450 1324; x_wconf 86' lang='lat' dir='ltr'><em>utilitas,</em></span> 
     </span>
     <span class='ocr_line' id='line_1_8' title="bbox 324 1365 2455 1462; baseline -0.001 -25"><span class='ocrx_word' id='word_1_57' title='bbox 324 1388 510 1462; x_wconf 81' lang='lat' dir='ltr'><em>quae</em></span> <span class='ocrx_word' id='word_1_58' title='bbox 551 1390 673 1438; x_wconf 87' lang='lat' dir='ltr'><em>nos</em></span> <span class='ocrx_word' id='word_1_59' title='bbox 728 1367 1119 1440; x_wconf 77' lang='lat' dir='ltr'><em>alacriores</em></span> <span class='ocrx_word' id='word_1_60' title='bbox 1173 1368 1272 1439; x_wconf 88' lang='lat' dir='ltr'><em>ad</em></span> <span class='ocrx_word' id='word_1_61' title='bbox 1324 1390 1480 1438; x_wconf 91' lang='lat' dir='ltr'><em>rem</em></span> <span class='ocrx_word' id='word_1_62' title='bbox 1527 1367 1882 1461; x_wconf 81' lang='lat' dir='ltr'><em>publicam</em></span> <span class='ocrx_word' id='word_1_63' title='bbox 1931 1365 2455 1462; x_wconf 81' lang='lat' dir='ltr'><em>defendendam</em></span> 
     </span>
     <span class='ocr_line' id='line_1_9' title="bbox 323 1491 2454 1586; baseline -0.001 -20"><span class='ocrx_word' id='word_1_64' title='bbox 323 1499 397 1566; x_wconf 83' lang='lat' dir='ltr'><em>et</em></span> <span class='ocrx_word' id='word_1_65' title='bbox 432 1491 794 1584; x_wconf 72' lang='lat' dir='ltr'><em>seyniores</em></span> <span class='ocrx_word' id='word_1_66' title='bbox 826 1492 927 1564; x_wconf 88' lang='lat' dir='ltr'><em>ad</em></span> <span class='ocrx_word' id='word_1_67' title='bbox 957 1514 1116 1564; x_wconf 89' lang='lat' dir='ltr'><em>rem</em></span> <span class='ocrx_word' id='word_1_68' title='bbox 1144 1514 1546 1586; x_wconf 80' lang='lat' dir='ltr'><em>perperam</em></span> <span class='ocrx_word' id='word_1_69' title='bbox 1573 1492 1983 1585; x_wconf 82' lang='lat' dir='ltr'><em>faciendam</em></span> <span class='ocrx_word' id='word_1_70' title='bbox 2019 1492 2296 1566; x_wconf 79' lang='lat' dir='ltr'><em>efficere</em></span> <span class='ocrx_word' id='word_1_71' title='bbox 2334 1491 2454 1564; x_wconf 85' lang='lat' dir='ltr'><em>de·</em></span> 
     </span>
     <span class='ocr_line' id='line_1_10' title="bbox 321 1618 2453 1711; baseline -0.001 -20"><span class='ocrx_word' id='word_1_72' title='bbox 321 1618 447 1691; x_wconf 85' lang='lat' dir='ltr'><em>het</em></span> <span class='ocrx_word' id='word_1_73' title='bbox 501 1643 517 1690; x_wconf 90' lang='lat'><strong>:</strong></span> <span class='ocrx_word' id='word_1_74' title='bbox 573 1618 698 1693; x_wconf 87' lang='lat' dir='ltr'><em>sed</em></span> <span class='ocrx_word' id='word_1_75' title='bbox 755 1620 965 1711; x_wconf 85' lang='lat' dir='ltr'><em>longe</em></span> <span class='ocrx_word' id='word_1_76' title='bbox 1020 1620 1226 1693; x_wconf 83' lang='lat' dir='ltr'><em>abest</em></span> <span class='ocrx_word' id='word_1_77' title='bbox 1271 1620 1362 1691; x_wconf 84' lang='lat' dir='ltr'><em>ab</em></span> <span class='ocrx_word' id='word_1_78' title='bbox 1413 1619 1621 1692; x_wconf 85' lang='lat' dir='ltr'><em>elatis</em></span> <span class='ocrx_word' id='word_1_79' title='bbox 1667 1626 1738 1692; x_wconf 88' lang='lat' dir='ltr'><em>et</em></span> <span class='ocrx_word' id='word_1_80' title='bbox 1789 1619 2191 1711; x_wconf 84' lang='lat' dir='ltr'><em>magnificis</em></span> <span class='ocrx_word' id='word_1_81' title='bbox 2244 1618 2453 1691; x_wconf 87' lang='lat' dir='ltr'><em>dictis</em></span> 
     </span>
     <span class='ocr_line' id='line_1_11' title="bbox 323 1741 2455 1839; baseline 0 -24"><span class='ocrx_word' id='word_1_82' title='bbox 323 1762 512 1834; x_wconf 86' lang='lat' dir='ltr'><em>quae</em></span> <span class='ocrx_word' id='word_1_83' title='bbox 544 1743 634 1816; x_wconf 85' lang='lat' dir='ltr'><em>de</em></span> <span class='ocrx_word' id='word_1_84' title='bbox 669 1761 753 1816; x_wconf 88' lang='lat' dir='ltr'><em>ea</em></span> <span class='ocrx_word' id='word_1_85' title='bbox 791 1762 866 1816; x_wconf 90' lang='lat' dir='ltr'><em>re</em></span> <span class='ocrx_word' id='word_1_86' title='bbox 905 1744 1172 1836; x_wconf 81' lang='lat' dir='ltr'><em>profert</em></span> <span class='ocrx_word' id='word_1_87' title='bbox 1208 1744 1449 1819; x_wconf 82' lang='lat' dir='ltr'><em>Cicero</em></span> <span class='ocrx_word' id='word_1_88' title='bbox 1488 1741 1584 1839; x_wconf 80' lang='lat'><em>(2)</em></span> <span class='ocrx_word' id='word_1_89' title='bbox 1630 1745 1833 1837; x_wconf 80' lang='lat' dir='ltr'><em>ouius</em></span> <span class='ocrx_word' id='word_1_90' title='bbox 1875 1744 2165 1836; x_wconf 89' lang='lat' dir='ltr'><em>quidem</em></span> <span class='ocrx_word' id='word_1_91' title='bbox 2209 1745 2285 1816; x_wconf 92' lang='lat' dir='ltr'><em>in</em></span> <span class='ocrx_word' id='word_1_92' title='bbox 2319 1744 2455 1816; x_wconf 84' lang='lat' dir='ltr'><em>hoo</em></span> 
     </span>
     <span class='ocr_line' id='line_1_12' title="bbox 321 1868 1061 1941; baseline 0 -2"><span class='ocrx_word' id='word_1_93' title='bbox 321 1869 478 1940; x_wconf 82' lang='lat' dir='ltr'><em>loeo</em></span> <span class='ocrx_word' id='word_1_94' title='bbox 521 1887 666 1940; x_wconf 93' lang='lat' dir='ltr'><em>non</em></span> <span class='ocrx_word' id='word_1_95' title='bbox 706 1868 1061 1941; x_wconf 78' lang='lat' dir='ltr'><em>meminit.</em></span> 
     </span>
     <span class='ocr_line' id='line_1_13' title="bbox 423 1991 2449 2086; baseline -0.001 -22"><span class='ocrx_word' id='word_1_96' title='bbox 423 1994 617 2078; x_wconf 82' lang='lat' dir='ltr'><em>Quae</em></span> <span class='ocrx_word' id='word_1_97' title='bbox 667 1992 756 2065; x_wconf 87' lang='lat' dir='ltr'><em>de</em></span> <span class='ocrx_word' id='word_1_98' title='bbox 809 1992 1116 2066; x_wconf 87' lang='lat' dir='ltr'><em>testibus</em></span> <span class='ocrx_word' id='word_1_99' title='bbox 1169 1994 1563 2086; x_wconf 83' lang='lat' dir='ltr'><em>singularia</em></span> <span class='ocrx_word' id='word_1_100' title='bbox 1612 1993 1964 2084; x_wconf 87' lang='lat' dir='ltr'><em>quaesivit</em></span> <span class='ocrx_word' id='word_1_101' title='bbox 2001 1993 2094 2065; x_wconf 86' lang='lat' dir='ltr'><em>ad</em></span> <span class='ocrx_word' id='word_1_102' title='bbox 2145 1991 2449 2064; x_wconf 82' lang='lat' dir='ltr'><em>ethicam</em></span> 
     </span>
     <span class='ocr_line' id='line_1_14' title="bbox 320 2115 1416 2207; baseline 0 -18"><span class='ocrx_word' id='word_1_103' title='bbox 320 2123 393 2189; x_wconf 87' lang='lat' dir='ltr'><em>et</em></span> <span class='ocrx_word' id='word_1_104' title='bbox 425 2115 687 2207; x_wconf 85' lang='lat' dir='ltr'><em>judicis</em></span> <span class='ocrx_word' id='word_1_105' title='bbox 727 2116 959 2190; x_wconf 83' lang='lat' dir='ltr'><em>officia</em></span> <span class='ocrx_word' id='word_1_106' title='bbox 1001 2118 1416 2191; x_wconf 76' lang='lat' dir='ltr'><em>referemus,</em></span> 
     </span>
    </p>
   </div>
   <div class='ocr_carea' id='block_1_3' title="bbox 519 2406 2248 2502">
    <p class='ocr_par' dir='ltr' id='par_1_3' title="bbox 519 2406 2248 2502">
     <span class='ocr_line' id='line_1_15' title="bbox 519 2406 2248 2502; baseline 0 -23"><span class='ocrx_word' id='word_1_107' title='bbox 519 2410 590 2479; x_wconf 79' lang='lat'><em>5⁰</em></span> <span class='ocrx_word' id='word_1_108' title='bbox 618 2406 731 2478; x_wconf 91' lang='lat' dir='ltr'><em>De</em></span> <span class='ocrx_word' id='word_1_109' title='bbox 756 2407 1017 2481; x_wconf 82' lang='lat' dir='ltr'><em>Ethiea</em></span> <span class='ocrx_word' id='word_1_110' title='bbox 1056 2410 1167 2480; x_wconf 82' lang='lat' dir='ltr'><em>vel</em></span> <span class='ocrx_word' id='word_1_111' title='bbox 1199 2409 1471 2482; x_wconf 86' lang='lat' dir='ltr'><em>morali</em></span> <span class='ocrx_word' id='word_1_112' title='bbox 1493 2407 1980 2502; x_wconf 76' lang='lat' dir='ltr'><em>philosophiae</em></span> <span class='ocrx_word' id='word_1_113' title='bbox 2003 2414 2248 2502; x_wconf 77' lang='lat' dir='ltr'><em>parte.</em></span> 
     </span>
    </p>
   </div>
   <div class='ocr_carea' id='block_1_4' title="bbox 316 2682 2893 3781">
    <p class='ocr_par' dir='ltr' id='par_1_4' title="bbox 414 2682 2893 2778">
     <span class='ocr_line' id='line_1_16' title="bbox 414 2682 2893 2778; baseline 0 -23"><span class='ocrx_word' id='word_1_114' title='bbox 414 2682 756 2756; x_wconf 81' lang='lat' dir='ltr'><em>Ethioam</em></span> <span class='ocrx_word' id='word_1_115' title='bbox 788 2707 945 2755; x_wconf 86' lang='lat' dir='ltr'><em>rem</em></span> <span class='ocrx_word' id='word_1_116' title='bbox 985 2685 1239 2760; x_wconf 87' lang='lat' dir='ltr'><em>definit</em></span> <span class='ocrx_word' id='word_1_117' title='bbox 1268 2686 1539 2759; x_wconf 88' lang='lat' dir='ltr'><em>Gellius</em></span> <span class='ocrx_word' id='word_1_118' title='bbox 1572 2704 1727 2759; x_wconf 86' lang='lat' dir='ltr'><em>eam</em></span> <span class='ocrx_word' id='word_1_119' title='bbox 1761 2686 2266 2778; x_wconf 87' lang='lat' dir='ltr'><em>philosophiae</em></span> <span class='ocrx_word' id='word_1_120' title='bbox 2293 2705 2451 2777; x_wconf 84' lang='lat' dir='ltr'><em>par·</em></span> <span class='ocrx_word' id='word_1_121' title='bbox 2534 2704 2586 2753; x_wconf 85' lang='lat' dir='ltr'><em>L.</em></span> <span class='ocrx_word' id='word_1_122' title='bbox 2618 2702 2656 2764; x_wconf 91' lang='lat'><em>1,</em></span> <span class='ocrx_word' id='word_1_123' title='bbox 2685 2713 2729 2752; x_wconf 72' lang='lat' dir='ltr'><em>c.</em></span> <span class='ocrx_word' id='word_1_124' title='bbox 2758 2714 2817 2762; x_wconf 83' lang='lat' dir='ltr'><em>n,</em></span> <span class='ocrx_word' id='word_1_125' title='bbox 2848 2707 2893 2756; x_wconf 71' lang='grc' dir='ltr'><em>ι..</em></span> 
     </span>
    </p>

    <p class='ocr_par' dir='ltr' id='par_1_5' title="bbox 316 2809 2451 3781">
     <span class='ocr_line' id='line_1_17' title="bbox 323 2809 2451 2905; baseline -0.002 -22"><span class='ocrx_word' id='word_1_126' title='bbox 323 2819 466 2884; x_wconf 85' lang='lat' dir='ltr'><em>tem</em></span> <span class='ocrx_word' id='word_1_127' title='bbox 510 2829 695 2902; x_wconf 88' lang='lat' dir='ltr'><em>quae</em></span> <span class='ocrx_word' id='word_1_128' title='bbox 732 2809 832 2881; x_wconf 91' lang='lat' dir='ltr'><em>ad</em></span> <span class='ocrx_word' id='word_1_129' title='bbox 875 2811 1224 2882; x_wconf 81' lang='lat' dir='ltr'><em>virtutum</em></span> <span class='ocrx_word' id='word_1_130' title='bbox 1263 2810 1576 2904; x_wconf 73' lang='lat' dir='ltr'><em>oriyines</em></span> <span class='ocrx_word' id='word_1_131' title='bbox 1621 2810 1985 2905; x_wconf 79' lang='lat' dir='ltr'><em>officiaque</em></span> <span class='ocrx_word' id='word_1_132' title='bbox 2031 2833 2285 2882; x_wconf 81' lang='lat' dir='ltr'><em>earum</em></span> <span class='ocrx_word' id='word_1_133' title='bbox 2322 2817 2451 2882; x_wconf 82' lang='lat' dir='ltr'><em>aut</em></span> 
     </span>
     <span class='ocr_line' id='line_1_18' title="bbox 316 2935 2448 3031; baseline 0 -25"><span class='ocrx_word' id='word_1_134' title='bbox 316 2935 634 3028; x_wconf 73' lang='lat' dir='ltr'><em>confinia</em></span> <span class='ocrx_word' id='word_1_135' title='bbox 686 2942 815 3008; x_wconf 80' lang='lat' dir='ltr'><em>aut</em></span> <span class='ocrx_word' id='word_1_136' title='bbox 851 2937 1222 3009; x_wconf 78' lang='lat' dir='ltr'><em>contraria</em></span> <span class='ocrx_word' id='word_1_137' title='bbox 1274 2936 1688 3008; x_wconf 83' lang='lat' dir='ltr'><em>morborum</em></span> <span class='ocrx_word' id='word_1_138' title='bbox 1731 2937 2201 3031; x_wconf 80' lang='lat' dir='ltr'><em>vitiorumque</em></span> <span class='ocrx_word' id='word_1_139' title='bbox 2235 2935 2448 3030; x_wconf 83' lang='lat' dir='ltr'><em>fran-</em></span> 
     </span>
     <span class='ocr_line' id='line_1_19' title="bbox 316 3060 2444 3155; baseline 0.001 -24"><span class='ocrx_word' id='word_1_140' title='bbox 316 3060 439 3131; x_wconf 87' lang='lat' dir='ltr'><em>des</em></span> <span class='ocrx_word' id='word_1_141' title='bbox 475 3061 1019 3155; x_wconf 81' lang='lat' dir='ltr'><em>animorumque</em></span> <span class='ocrx_word' id='word_1_142' title='bbox 1056 3061 1237 3133; x_wconf 86' lang='lat' dir='ltr'><em>labes</em></span> <span class='ocrx_word' id='word_1_143' title='bbox 1269 3084 1355 3133; x_wconf 85' lang='lat' dir='ltr'><em>ae</em></span> <span class='ocrx_word' id='word_1_144' title='bbox 1380 3061 1814 3155; x_wconf 80' lang='lat' dir='ltr'><em>pestilentias</em></span> <span class='ocrx_word' id='word_1_145' title='bbox 1850 3069 2145 3152; x_wconf 82' lang='lat' dir='ltr'><em>spectat,</em></span> <span class='ocrx_word' id='word_1_146' title='bbox 2183 3068 2252 3134; x_wconf 87' lang='lat' dir='ltr'><em>et</em></span> <span class='ocrx_word' id='word_1_147' title='bbox 2291 3080 2444 3135; x_wconf 85' lang='lat' dir='ltr'><em>eam</em></span> 
     </span>
     <span class='ocr_line' id='line_1_20' title="bbox 318 3186 2447 3279; baseline 0 -22"><span class='ocrx_word' id='word_1_148' title='bbox 318 3186 611 3278; x_wconf 88' lang='lat' dir='ltr'><em>plurimi</em></span> <span class='ocrx_word' id='word_1_149' title='bbox 651 3186 815 3259; x_wconf 79' lang='lat' dir='ltr'><em>facit</em></span> <span class='ocrx_word' id='word_1_150' title='bbox 857 3211 873 3258; x_wconf 92' lang='lat'><strong>:</strong></span> <span class='ocrx_word' id='word_1_151' title='bbox 921 3206 1051 3260; x_wconf 85' lang='lat' dir='ltr'><em>neo</em></span> <span class='ocrx_word' id='word_1_152' title='bbox 1088 3194 1366 3260; x_wconf 86' lang='lat' dir='ltr'><em>tantum</em></span> <span class='ocrx_word' id='word_1_153' title='bbox 1404 3190 1479 3259; x_wconf 93' lang='lat' dir='ltr'><em>in</em></span> <span class='ocrx_word' id='word_1_154' title='bbox 1519 3187 2012 3279; x_wconf 76' lang='lat' dir='ltr'><em>exploratione</em></span> <span class='ocrx_word' id='word_1_155' title='bbox 2050 3194 2118 3259; x_wconf 89' lang='lat' dir='ltr'><em>et</em></span> <span class='ocrx_word' id='word_1_156' title='bbox 2151 3187 2447 3259; x_wconf 86' lang='lat' dir='ltr'><em>medita-</em></span> 
     </span>
     <span class='ocr_line' id='line_1_21' title="bbox 319 3311 2445 3404; baseline -0.001 -21"><span class='ocrx_word' id='word_1_157' title='bbox 319 3312 515 3383; x_wconf 84' lang='lat' dir='ltr'><em>tione</em></span> <span class='ocrx_word' id='word_1_158' title='bbox 566 3313 805 3384; x_wconf 88' lang='lat' dir='ltr'><em>inutili</em></span> <span class='ocrx_word' id='word_1_159' title='bbox 853 3313 1229 3385; x_wconf 89' lang='lat' dir='ltr'><em>verborum</em></span> <span class='ocrx_word' id='word_1_160' title='bbox 1272 3319 1397 3385; x_wconf 85' lang='lat' dir='ltr'><em>aut</em></span> <span class='ocrx_word' id='word_1_161' title='bbox 1446 3313 1898 3404; x_wconf 81' lang='lat' dir='ltr'><em>placitorum,</em></span> <span class='ocrx_word' id='word_1_162' title='bbox 1944 3311 2072 3384; x_wconf 90' lang='lat' dir='ltr'><em>sed</em></span> <span class='ocrx_word' id='word_1_163' title='bbox 2118 3312 2330 3384; x_wconf 84' lang='lat' dir='ltr'><em>etiam</em></span> <span class='ocrx_word' id='word_1_164' title='bbox 2373 3313 2445 3382; x_wconf 93' lang='lat' dir='ltr'><em>in</em></span> 
     </span>
     <span class='ocr_line' id='line_1_22' title="bbox 323 3435 2449 3509; baseline -0.001 0"><span class='ocrx_word' id='word_1_165' title='bbox 323 3454 566 3509; x_wconf 88' lang='lat' dir='ltr'><em>eorum</em></span> <span class='ocrx_word' id='word_1_166' title='bbox 607 3437 1062 3509; x_wconf 85' lang='lat' dir='ltr'><em>observantia</em></span> <span class='ocrx_word' id='word_1_167' title='bbox 1100 3436 1311 3509; x_wconf 87' lang='lat' dir='ltr'><em>sitam</em></span> <span class='ocrx_word' id='word_1_168' title='bbox 1354 3456 1515 3509; x_wconf 89' lang='lat' dir='ltr'><em>esse</em></span> <span class='ocrx_word' id='word_1_169' title='bbox 1556 3444 1798 3509; x_wconf 79' lang='lat' dir='ltr'><em>censet</em></span> <span class='ocrx_word' id='word_1_170' title='bbox 1833 3461 1850 3507; x_wconf 92' lang='lat'>:</span> <span class='ocrx_word' id='word_1_171' title='bbox 1886 3456 1971 3508; x_wconf 87' lang='lat' dir='ltr'><em>ea</em></span> <span class='ocrx_word' id='word_1_172' title='bbox 2007 3444 2246 3509; x_wconf 87' lang='lat' dir='ltr'><em>mente</em></span> <span class='ocrx_word' id='word_1_173' title='bbox 2274 3435 2449 3507; x_wconf 88' lang='lat' dir='ltr'><em>vidi-</em></span> 
     </span>
     <span class='ocr_line' id='line_1_23' title="bbox 323 3560 2446 3654; baseline 0 -22"><span class='ocrx_word' id='word_1_174' title='bbox 323 3580 482 3633; x_wconf 89' lang='lat' dir='ltr'><em>mus</em></span> <span class='ocrx_word' id='word_1_175' title='bbox 522 3562 613 3633; x_wconf 87' lang='lat' dir='ltr'><em>ah</em></span> <span class='ocrx_word' id='word_1_176' title='bbox 660 3562 784 3633; x_wconf 94' lang='lat' dir='ltr'><em>illo</em></span> <span class='ocrx_word' id='word_1_177' title='bbox 835 3562 1197 3634; x_wconf 88' lang='lat' dir='ltr'><em>laudatam</em></span> <span class='ocrx_word' id='word_1_178' title='bbox 1241 3562 1541 3633; x_wconf 89' lang='lat' dir='ltr'><em>Herodis</em></span> <span class='ocrx_word' id='word_1_179' title='bbox 1595 3561 1805 3634; x_wconf 82' lang='lat' dir='ltr'><em>Attici</em></span> <span class='ocrx_word' id='word_1_180' title='bbox 1846 3570 1914 3634; x_wconf 89' lang='lat' dir='ltr'><em>et</em></span> <span class='ocrx_word' id='word_1_181' title='bbox 1954 3562 2250 3654; x_wconf 84' lang='lat' dir='ltr'><em>Epicteti</em></span> <span class='ocrx_word' id='word_1_182' title='bbox 2296 3560 2446 3632; x_wconf 88' lang='lat' dir='ltr'><em>dis-</em></span> 
     </span>
     <span class='ocr_line' id='line_1_24' title="bbox 321 3683 956 3781; baseline 0.005 -25"><span class='ocrx_word' id='word_1_183' title='bbox 321 3685 777 3759; x_wconf 86' lang='lat' dir='ltr'><em>sertationem</em></span> <span class='ocrx_word' id='word_1_184' title='bbox 826 3683 956 3781; x_wconf 83' lang='lat'><strong>(5).</strong></span> 
     </span>
    </p>
   </div>
   <div class='ocr_carea' id='block_1_5' title="bbox 381 4006 2448 4163">
    <p class='ocr_par' dir='ltr' id='par_1_6' title="bbox 381 4006 2448 4163">
     <span class='ocr_line' id='line_1_25' title="bbox 386 4006 1215 4074; baseline 0.002 -15"><span class='ocrx_word' id='word_1_185' title='bbox 386 4009 452 4073; x_wconf 89' lang='lat' dir='ltr'><em>(l)</em></span> <span class='ocrx_word' id='word_1_186' title='bbox 483 4006 561 4059; x_wconf 70' lang='lat' dir='ltr'><em>Cf.</em></span> <span class='ocrx_word' id='word_1_187' title='bbox 593 4008 723 4071; x_wconf 69' lang='lat' dir='ltr'><em>Cio„</em></span> <span class='ocrx_word' id='word_1_188' title='bbox 755 4011 824 4060; x_wconf 84' lang='lat' dir='ltr'><em>De</em></span> <span class='ocrx_word' id='word_1_189' title='bbox 850 4017 1003 4074; x_wconf 68' lang='lat' dir='ltr'><em>orat„</em></span> <span class='ocrx_word' id='word_1_190' title='bbox 1036 4012 1105 4073; x_wconf 87' lang='lat'><em>11,</em></span> <span class='ocrx_word' id='word_1_191' title='bbox 1141 4010 1215 4061; x_wconf 85' lang='lat'><em>15.</em></span> 
     </span>
     <span class='ocr_line' id='line_1_26' title="bbox 381 4097 2448 4163; baseline 0 -16"><span class='ocrx_word' id='word_1_192' title='bbox 381 4098 453 4162; x_wconf 78' lang='lat'><em>(2)</em></span> <span class='ocrx_word' id='word_1_193' title='bbox 482 4116 507 4143; x_wconf 69' lang='grc' dir='ltr'><strong>α</strong></span> <span class='ocrx_word' id='word_1_194' title='bbox 534 4097 772 4149; x_wconf 84' lang='lat' dir='ltr'><em>Historia</em></span> <span class='ocrx_word' id='word_1_195' title='bbox 803 4099 952 4150; x_wconf 83' lang='lat' dir='ltr'><em>testis</em></span> <span class='ocrx_word' id='word_1_196' title='bbox 976 4104 1289 4163; x_wconf 86' lang='lat' dir='ltr'><em>temporum,</em></span> <span class='ocrx_word' id='word_1_197' title='bbox 1322 4101 1416 4149; x_wconf 85' lang='lat' dir='ltr'><em>lux</em></span> <span class='ocrx_word' id='word_1_198' title='bbox 1445 4100 1701 4161; x_wconf 79' lang='lat' dir='ltr'><em>veritatis,</em></span> <span class='ocrx_word' id='word_1_199' title='bbox 1733 4100 1840 4149; x_wconf 86' lang='lat' dir='ltr'><em>vita</em></span> <span class='ocrx_word' id='word_1_200' title='bbox 1869 4100 2169 4160; x_wconf 85' lang='lat' dir='ltr'><em>memoriae,</em></span> <span class='ocrx_word' id='word_1_201' title='bbox 2199 4099 2448 4162; x_wconf 81' lang='lat' dir='ltr'><em>magistra</em></span> 
     </span>
    </p>
   </div>
   <div class='ocr_carea' id='block_1_6' title="bbox 318 4189 1664 4343">
    <p class='ocr_par' dir='ltr' id='par_1_7' title="bbox 318 4189 1664 4343">
     <span class='ocr_line' id='line_1_27' title="bbox 318 4189 1664 4253; baseline 0.001 -14"><span class='ocrx_word' id='word_1_202' title='bbox 318 4190 476 4251; x_wconf 81' lang='lat' dir='ltr'><em>vitae,</em></span> <span class='ocrx_word' id='word_1_203' title='bbox 505 4189 691 4239; x_wconf 85' lang='lat' dir='ltr'><em>nuntia</em></span> <span class='ocrx_word' id='word_1_204' title='bbox 719 4191 996 4240; x_wconf 82' lang='lat' dir='ltr'><em>vetustatis</em></span> <span class='ocrx_word' id='word_1_205' title='bbox 1025 4196 1105 4241; x_wconf 81' lang='lat' dir='ltr'><em>est</em></span> <span class='ocrx_word' id='word_1_206' title='bbox 1133 4208 1159 4236; x_wconf 72' lang='lat' dir='ltr'><em>n</em></span> <span class='ocrx_word' id='word_1_207' title='bbox 1194 4193 1281 4253; x_wconf 84' lang='lat' dir='ltr'><em>(De</em></span> <span class='ocrx_word' id='word_1_208' title='bbox 1308 4197 1460 4251; x_wconf 64' lang='lat' dir='ltr'><em>orat„</em></span> <span class='ocrx_word' id='word_1_209' title='bbox 1492 4191 1563 4251; x_wconf 89' lang='lat'><em>11,</em></span> <span class='ocrx_word' id='word_1_210' title='bbox 1597 4189 1664 4253; x_wconf 89' lang='lat'><em>9.)</em></span> 
     </span>
     <span class='ocr_line' id='line_1_28' title="bbox 386 4276 828 4343; baseline 0.005 -15"><span class='ocrx_word' id='word_1_211' title='bbox 386 4278 452 4342; x_wconf 87' lang='grc'><em>(3)</em></span> <span class='ocrx_word' id='word_1_212' title='bbox 484 4276 623 4330; x_wconf 81' lang='lat' dir='ltr'><em>Vide</em></span> <span class='ocrx_word' id='word_1_213' title='bbox 650 4293 828 4343; x_wconf 78' lang='lat' dir='ltr'><em>supra.</em></span> 
     </span>
    </p>
   </div>
  </div>
 </body>
</html>
