<?xml version="1.0" encoding="UTF-8"?>
<!DOCTYPE html PUBLIC "-//W3C//DTD XHTML 1.0 Transitional//EN"
    "http://www.w3.org/TR/xhtml1/DTD/xhtml1-transitional.dtd">
<html xmlns="http://www.w3.org/1999/xhtml" xml:lang="en" lang="en">
 <head>
  <title>
</title>
<meta http-equiv="Content-Type" content="text/html;charset=utf-8" />
  <meta name='ocr-system' content='tesseract 3.04.00' />
  <meta name='ocr-capabilities' content='ocr_page ocr_carea ocr_par ocr_line ocrx_word'/>
</head>
<body>
  <div class='ocr_page' id='page_1' title='image "./aulusgelliusqua00dewagoog_0088.png"; bbox 0 0 3125 4959; ppageno 0'>
   <div class='ocr_carea' id='block_1_1' title="bbox 156 706 517 768">
    <p class='ocr_par' dir='ltr' id='par_1_1' title="bbox 156 706 517 768">
     <span class='ocr_line' id='line_1_1' title="bbox 156 706 517 768; baseline -0.017 -9"><span class='ocrx_word' id='word_1_1' title='bbox 156 708 208 759; x_wconf 79' lang='lat' dir='ltr'>L.</span> <span class='ocrx_word' id='word_1_2' title='bbox 240 706 300 762; x_wconf 86' lang='lat'>11,</span> <span class='ocrx_word' id='word_1_3' title='bbox 330 716 372 755; x_wconf 84' lang='lat' dir='ltr'>c.</span> <span class='ocrx_word' id='word_1_4' title='bbox 403 719 438 768; x_wconf 88' lang='lat'>1,</span> <span class='ocrx_word' id='word_1_5' title='bbox 470 707 517 754; x_wconf 80' lang='grc'>3.</span> 
     </span>
    </p>
   </div>
   <div class='ocr_carea' id='block_1_2' title="bbox 158 1077 517 1139">
    <p class='ocr_par' dir='ltr' id='par_1_2' title="bbox 158 1077 517 1139">
     <span class='ocr_line' id='line_1_2' title="bbox 158 1077 517 1139; baseline -0.003 -11"><span class='ocrx_word' id='word_1_6' title='bbox 158 1078 211 1128; x_wconf 88' lang='lat' dir='ltr'>L.</span> <span class='ocrx_word' id='word_1_7' title='bbox 242 1077 364 1139; x_wconf 77' lang='lat' dir='ltr'>xlx,</span> <span class='ocrx_word' id='word_1_8' title='bbox 396 1090 436 1128; x_wconf 85' lang='lat' dir='ltr'>c.</span> <span class='ocrx_word' id='word_1_9' title='bbox 468 1092 517 1128; x_wconf 87' lang='lat'>11.</span> 
     </span>
    </p>
   </div>
   <div class='ocr_carea' id='block_1_3' title="bbox 130 1581 554 1642">
    <p class='ocr_par' dir='ltr' id='par_1_3' title="bbox 130 1581 554 1642">
     <span class='ocr_line' id='line_1_3' title="bbox 130 1581 554 1642; baseline -0.014 -9"><span class='ocrx_word' id='word_1_10' title='bbox 130 1582 182 1633; x_wconf 85' lang='lat' dir='ltr'>L.</span> <span class='ocrx_word' id='word_1_11' title='bbox 208 1581 308 1642; x_wconf 87' lang='lat' dir='ltr'>xn,</span> <span class='ocrx_word' id='word_1_12' title='bbox 336 1592 379 1631; x_wconf 83' lang='lat' dir='ltr'>c.</span> <span class='ocrx_word' id='word_1_13' title='bbox 404 1595 477 1640; x_wconf 72' lang='lat' dir='ltr'>xx,</span> <span class='ocrx_word' id='word_1_14' title='bbox 507 1584 554 1629; x_wconf 82' lang='lat'>6.</span> 
     </span>
    </p>
   </div>
   <div class='ocr_carea' id='block_1_4' title="bbox 155 1957 536 2020">
    <p class='ocr_par' dir='ltr' id='par_1_4' title="bbox 155 1957 536 2020">
     <span class='ocr_line' id='line_1_4' title="bbox 155 1957 536 2020; baseline 0 -12"><span class='ocrx_word' id='word_1_15' title='bbox 155 1958 208 2008; x_wconf 90' lang='lat' dir='ltr'>L.</span> <span class='ocrx_word' id='word_1_16' title='bbox 239 1957 361 2020; x_wconf 81' lang='lat' dir='ltr'>vlu,</span> <span class='ocrx_word' id='word_1_17' title='bbox 392 1971 432 2009; x_wconf 86' lang='lat' dir='ltr'>c.</span> <span class='ocrx_word' id='word_1_18' title='bbox 466 1972 536 2008; x_wconf 81' lang='lat'>11.</span> 
     </span>
    </p>
   </div>
   <div class='ocr_carea' id='block_1_5' title="bbox 1515 415 1838 479">
    <p class='ocr_par' dir='ltr' id='par_1_5' title="bbox 1515 415 1838 479">
     <span class='ocr_line' id='line_1_5' title="bbox 1515 415 1838 479; baseline 0.006 -16"><span class='ocrx_word' id='word_1_19' title='bbox 1515 415 1838 479; x_wconf 77' lang='lat'>...60-</span> 
     </span>
    </p>
   </div>
   <div class='ocr_carea' id='block_1_6' title="bbox 605 554 2766 3405">
    <p class='ocr_par' dir='ltr' id='par_1_6' title="bbox 605 554 2766 1526">
     <span class='ocr_line' id='line_1_6' title="bbox 605 554 2745 649; baseline 0.002 -22"><span class='ocrx_word' id='word_1_20' title='bbox 605 554 857 627; x_wconf 87' lang='lat' dir='ltr'>tudine</span> <span class='ocrx_word' id='word_1_21' title='bbox 898 555 1178 627; x_wconf 88' lang='lat' dir='ltr'>labores</span> <span class='ocrx_word' id='word_1_22' title='bbox 1227 566 1295 626; x_wconf 90' lang='lat' dir='ltr'>et</span> <span class='ocrx_word' id='word_1_23' title='bbox 1343 555 1680 628; x_wconf 87' lang='lat' dir='ltr'>exercitia</span> <span class='ocrx_word' id='word_1_24' title='bbox 1730 563 2127 647; x_wconf 87' lang='lat' dir='ltr'>pateretur,</span> <span class='ocrx_word' id='word_1_25' title='bbox 2190 575 2480 649; x_wconf 89' lang='lat' dir='ltr'>quoque</span> <span class='ocrx_word' id='word_1_26' title='bbox 2527 558 2745 631; x_wconf 93' lang='lat' dir='ltr'>modo</span> 
     </span>
     <span class='ocr_line' id='line_1_7' title="bbox 606 678 2742 773; baseline 0.002 -22"><span class='ocrx_word' id='word_1_27' title='bbox 606 681 896 772; x_wconf 89' lang='lat' dir='ltr'>saepius</span> <span class='ocrx_word' id='word_1_28' title='bbox 925 678 1228 772; x_wconf 80' lang='lat' dir='ltr'>perdius</span> <span class='ocrx_word' id='word_1_29' title='bbox 1265 701 1348 751; x_wconf 80' lang='lat' dir='ltr'>ac</span> <span class='ocrx_word' id='word_1_30' title='bbox 1378 701 1664 773; x_wconf 75' lang='lat' dir='ltr'>pernox</span> <span class='ocrx_word' id='word_1_31' title='bbox 1713 707 1743 745; x_wconf 71' lang='grc' dir='ltr'><strong>α</strong></span> <span class='ocrx_word' id='word_1_32' title='bbox 1795 700 1838 752; x_wconf 94' lang='lat' dir='ltr'>a</span> <span class='ocrx_word' id='word_1_33' title='bbox 1885 700 2169 755; x_wconf 90' lang='lat' dir='ltr'>summo</span> <span class='ocrx_word' id='word_1_34' title='bbox 2217 683 2400 756; x_wconf 86' lang='lat' dir='ltr'>lucis</span> <span class='ocrx_word' id='word_1_35' title='bbox 2447 691 2611 756; x_wconf 87' lang='lat' dir='ltr'>ortu</span> <span class='ocrx_word' id='word_1_36' title='bbox 2650 683 2742 756; x_wconf 91' lang='lat' dir='ltr'>ad</span> 
     </span>
     <span class='ocr_line' id='line_1_8' title="bbox 607 803 2743 881; baseline 0.002 -5"><span class='ocrx_word' id='word_1_37' title='bbox 607 803 953 876; x_wconf 83' lang='lat' dir='ltr'><strong>orientem</strong></span> <span class='ocrx_word' id='word_1_38' title='bbox 982 804 1206 876; x_wconf 92' lang='lat' dir='ltr'>solem</span> <span class='ocrx_word' id='word_1_39' title='bbox 1226 806 1531 877; x_wconf 91' lang='lat' dir='ltr'>alterum</span> <span class='ocrx_word' id='word_1_40' title='bbox 1554 831 1583 869; x_wconf 71' lang='grc' dir='ltr'><strong>ι</strong></span> <span class='ocrx_word' id='word_1_41' title='bbox 1610 806 1860 879; x_wconf 89' lang='lat' dir='ltr'>eodem</span> <span class='ocrx_word' id='word_1_42' title='bbox 1881 813 2071 879; x_wconf 87' lang='lat' dir='ltr'>statu</span> <span class='ocrx_word' id='word_1_43' title='bbox 2087 816 2157 881; x_wconf 90' lang='lat' dir='ltr'>et</span> <span class='ocrx_word' id='word_1_44' title='bbox 2173 809 2327 881; x_wconf 89' lang='lat' dir='ltr'>loco</span> <span class='ocrx_word' id='word_1_45' title='bbox 2347 808 2743 881; x_wconf 84' lang='lat' dir='ltr'>immobilis</span> 
     </span>
     <span class='ocr_line' id='line_1_9' title="bbox 608 926 2746 1027; baseline 0.001 -26"><span class='ocrx_word' id='word_1_46' title='bbox 608 928 988 1002; x_wconf 82' lang='lat' dir='ltr'>desisteret</span> <span class='ocrx_word' id='word_1_47' title='bbox 1030 926 1174 1024; x_wconf 84' lang='lat'>(1);</span> <span class='ocrx_word' id='word_1_48' title='bbox 1219 949 1362 1020; x_wconf 89' lang='lat' dir='ltr'>qua</span> <span class='ocrx_word' id='word_1_49' title='bbox 1400 933 1907 1023; x_wconf 77' lang='lat' dir='ltr'>temperantia,</span> <span class='ocrx_word' id='word_1_50' title='bbox 1953 952 2110 1004; x_wconf 86' lang='lat' dir='ltr'>cum</span> <span class='ocrx_word' id='word_1_51' title='bbox 2160 955 2233 1003; x_wconf 84' lang='lat' dir='ltr'>se</span> <span class='ocrx_word' id='word_1_52' title='bbox 2268 933 2505 1006; x_wconf 78' lang='lat' dir='ltr'>bibere</span> <span class='ocrx_word' id='word_1_53' title='bbox 2535 940 2746 1027; x_wconf 79' lang='lat' dir='ltr'>atque</span> 
     </span>
     <span class='ocr_line' id='line_1_10' title="bbox 608 1054 2766 1138; baseline 0.002 -14"><span class='ocrx_word' id='word_1_54' title='bbox 608 1075 750 1124; x_wconf 82' lang='lat' dir='ltr'>esse</span> <span class='ocrx_word' id='word_1_55' title='bbox 787 1054 1052 1127; x_wconf 83' lang='lat' dir='ltr'>diceret</span> <span class='ocrx_word' id='word_1_56' title='bbox 1083 1061 1159 1124; x_wconf 82' lang='lat' dir='ltr'>ut</span> <span class='ocrx_word' id='word_1_57' title='bbox 1187 1054 1477 1138; x_wconf 78' lang='lat' dir='ltr'>viveret,</span> <span class='ocrx_word' id='word_1_58' title='bbox 1514 1075 1673 1127; x_wconf 88' lang='lat' dir='ltr'>cum</span> <span class='ocrx_word' id='word_1_59' title='bbox 1705 1057 1912 1129; x_wconf 86' lang='lat' dir='ltr'>multi</span> <span class='ocrx_word' id='word_1_60' title='bbox 1947 1065 2192 1130; x_wconf 87' lang='lat' dir='ltr'>contra</span> <span class='ocrx_word' id='word_1_61' title='bbox 2224 1058 2473 1129; x_wconf 81' lang='lat' dir='ltr'>vellent</span> <span class='ocrx_word' id='word_1_62' title='bbox 2504 1058 2766 1129; x_wconf 75' lang='lat' dir='ltr'>vivere·</span> 
     </span>
     <span class='ocr_line' id='line_1_11' title="bbox 608 1178 2746 1276; baseline 0.003 -26"><span class='ocrx_word' id='word_1_63' title='bbox 608 1186 684 1250; x_wconf 82' lang='lat' dir='ltr'>ut</span> <span class='ocrx_word' id='word_1_64' title='bbox 722 1178 1028 1251; x_wconf 82' lang='lat' dir='ltr'>biberent</span> <span class='ocrx_word' id='word_1_65' title='bbox 1063 1185 1128 1250; x_wconf 79' lang='lat' dir='ltr'>et</span> <span class='ocrx_word' id='word_1_66' title='bbox 1164 1179 1488 1262; x_wconf 78' lang='lat' dir='ltr'>ederent,</span> <span class='ocrx_word' id='word_1_67' title='bbox 1529 1199 1789 1272; x_wconf 85' lang='lat' dir='ltr'>corpus</span> <span class='ocrx_word' id='word_1_68' title='bbox 1831 1201 2041 1254; x_wconf 92' lang='lat' dir='ltr'>suum</span> <span class='ocrx_word' id='word_1_69' title='bbox 2075 1183 2417 1257; x_wconf 86' lang='lat' dir='ltr'>adversus</span> <span class='ocrx_word' id='word_1_70' title='bbox 2453 1185 2746 1276; x_wconf 80' lang='lat' dir='ltr'>morbos</span> 
     </span>
     <span class='ocr_line' id='line_1_12' title="bbox 611 1304 2743 1398; baseline 0.002 -22"><span class='ocrx_word' id='word_1_71' title='bbox 611 1304 1062 1387; x_wconf 86' lang='lat' dir='ltr'>munivisset,</span> <span class='ocrx_word' id='word_1_72' title='bbox 1099 1324 1241 1396; x_wconf 87' lang='lat' dir='ltr'>quo</span> <span class='ocrx_word' id='word_1_73' title='bbox 1274 1305 1533 1377; x_wconf 86' lang='lat' dir='ltr'>factum</span> <span class='ocrx_word' id='word_1_74' title='bbox 1562 1307 1670 1378; x_wconf 87' lang='lat' dir='ltr'>est</span> <span class='ocrx_word' id='word_1_75' title='bbox 1701 1314 1776 1378; x_wconf 91' lang='lat' dir='ltr'>ut</span> <span class='ocrx_word' id='word_1_76' title='bbox 1801 1319 1928 1398; x_wconf 84' lang='lat' dir='ltr'>per</span> <span class='ocrx_word' id='word_1_77' title='bbox 1958 1308 2154 1379; x_wconf 88' lang='lat' dir='ltr'>illam</span> <span class='ocrx_word' id='word_1_78' title='bbox 2192 1309 2743 1382; x_wconf 83' lang='lat' dir='ltr'>Atheniensium</span> 
     </span>
     <span class='ocr_line' id='line_1_13' title="bbox 611 1430 2739 1526; baseline 0.001 -24"><span class='ocrx_word' id='word_1_79' title='bbox 611 1430 1137 1524; x_wconf 81' lang='lat' dir='ltr'>pestilentiam,</span> <span class='ocrx_word' id='word_1_80' title='bbox 1181 1450 1634 1503; x_wconf 86' lang='lat' dir='ltr'>communem</span> <span class='ocrx_word' id='word_1_81' title='bbox 1686 1431 1958 1503; x_wconf 83' lang='lat' dir='ltr'>cladem</span> <span class='ocrx_word' id='word_1_82' title='bbox 2001 1433 2344 1506; x_wconf 83' lang='lat' dir='ltr'>innoxius</span> <span class='ocrx_word' id='word_1_83' title='bbox 2389 1435 2739 1526; x_wconf 77' lang='lat' dir='ltr'>effugerit.</span> 
     </span>
    </p>

    <p class='ocr_par' dir='ltr' id='par_1_7' title="bbox 612 1537 2751 2380">
     <span class='ocr_line' id='line_1_14' title="bbox 712 1537 2750 1650; baseline 0.002 -24"><span class='ocrx_word' id='word_1_84' title='bbox 712 1555 947 1628; x_wconf 80' lang='lat' dir='ltr'>Refert</span> <span class='ocrx_word' id='word_1_85' title='bbox 1012 1573 1302 1646; x_wconf 89' lang='lat' dir='ltr'>quoque</span> <span class='ocrx_word' id='word_1_86' title='bbox 1368 1557 1556 1628; x_wconf 88' lang='lat' dir='ltr'>hanc</span> <span class='ocrx_word' id='word_1_87' title='bbox 1617 1557 1773 1648; x_wconf 78' lang='lat' dir='ltr'>ejtls</span> <span class='ocrx_word' id='word_1_88' title='bbox 1836 1537 2267 1631; x_wconf 85' lang='lat' dir='ltr'>sententiam</span> <span class='ocrx_word' id='word_1_89' title='bbox 2323 1560 2528 1650; x_wconf 88' lang='lat' dir='ltr'>pejus</span> <span class='ocrx_word' id='word_1_90' title='bbox 2590 1577 2750 1631; x_wconf 91' lang='lat' dir='ltr'>esse</span> 
     </span>
     <span class='ocr_line' id='line_1_15' title="bbox 614 1680 2747 1773; baseline 0 -21"><span class='ocrx_word' id='word_1_91' title='bbox 614 1680 949 1771; x_wconf 71' lang='lat' dir='ltr'>iniuriam</span> <span class='ocrx_word' id='word_1_92' title='bbox 993 1680 1220 1753; x_wconf 86' lang='lat' dir='ltr'>facere</span> <span class='ocrx_word' id='word_1_93' title='bbox 1259 1700 1473 1772; x_wconf 87' lang='lat' dir='ltr'>quam</span> <span class='ocrx_word' id='word_1_94' title='bbox 1509 1683 1655 1773; x_wconf 88' lang='lat' dir='ltr'>pati</span> <span class='ocrx_word' id='word_1_95' title='bbox 1698 1689 1767 1754; x_wconf 89' lang='lat' dir='ltr'>et</span> <span class='ocrx_word' id='word_1_96' title='bbox 1799 1684 1988 1755; x_wconf 89' lang='lat' dir='ltr'>inter</span> <span class='ocrx_word' id='word_1_97' title='bbox 2027 1684 2274 1756; x_wconf 90' lang='lat' dir='ltr'>titulos</span> <span class='ocrx_word' id='word_1_98' title='bbox 2315 1685 2539 1757; x_wconf 80' lang='lat' dir='ltr'>octavi</span> <span class='ocrx_word' id='word_1_99' title='bbox 2583 1684 2747 1756; x_wconf 87' lang='lat' dir='ltr'>libri</span> 
     </span>
     <span class='ocr_line' id='line_1_16' title="bbox 618 1805 2745 1900; baseline 0.001 -23"><span class='ocrx_word' id='word_1_100' title='bbox 618 1806 751 1877; x_wconf 91' lang='lat' dir='ltr'>hoc</span> <span class='ocrx_word' id='word_1_101' title='bbox 778 1805 1197 1877; x_wconf 87' lang='lat' dir='ltr'>inscribitur</span> <span class='ocrx_word' id='word_1_102' title='bbox 1241 1830 1258 1877; x_wconf 78' lang='lat' dir='ltr'><em>z</em></span> <span class='ocrx_word' id='word_1_103' title='bbox 1313 1833 1343 1871; x_wconf 72' lang='grc' dir='ltr'>ι</span> <span class='ocrx_word' id='word_1_104' title='bbox 1393 1809 1618 1893; x_wconf 87' lang='lat' dir='ltr'>Quam</span> <span class='ocrx_word' id='word_1_105' title='bbox 1662 1807 2398 1900; x_wconf 79' lang='lat' dir='ltr'>festiveresponderit</span> <span class='ocrx_word' id='word_1_106' title='bbox 2436 1809 2745 1899; x_wconf 88' lang='lat' dir='ltr'>Xantip-</span> 
     </span>
     <span class='ocr_line' id='line_1_17' title="bbox 617 1931 2751 2026; baseline 0.001 -23"><span class='ocrx_word' id='word_1_107' title='bbox 617 1949 750 2022; x_wconf 89' lang='lat' dir='ltr'>pae</span> <span class='ocrx_word' id='word_1_108' title='bbox 799 1931 1001 2003; x_wconf 83' lang='lat' dir='ltr'>uxori</span> <span class='ocrx_word' id='word_1_109' title='bbox 1053 1933 1377 2008; x_wconf 81' lang='lat' dir='ltr'>Socrates</span> <span class='ocrx_word' id='word_1_110' title='bbox 1432 1932 1704 2024; x_wconf 88' lang='lat' dir='ltr'>petenti</span> <span class='ocrx_word' id='word_1_111' title='bbox 1761 1940 1838 2004; x_wconf 87' lang='lat' dir='ltr'>ut</span> <span class='ocrx_word' id='word_1_112' title='bbox 1892 1952 2019 2024; x_wconf 91' lang='lat' dir='ltr'>per</span> <span class='ocrx_word' id='word_1_113' title='bbox 2057 1934 2396 2026; x_wconf 86' lang='lat' dir='ltr'>Dionysia</span> <span class='ocrx_word' id='word_1_114' title='bbox 2447 1933 2751 2025; x_wconf 83' lang='lat' dir='ltr'>largiore</span> 
     </span>
     <span class='ocr_line' id='line_1_18' title="bbox 612 2057 2746 2154; baseline 0 -27"><span class='ocrx_word' id='word_1_115' title='bbox 612 2062 912 2154; x_wconf 19' lang='lat' dir='ltr'>,sumptu</span> <span class='ocrx_word' id='word_1_116' title='bbox 951 2057 1368 2129; x_wconf 86' lang='lat' dir='ltr'>cenitarent.</span> <span class='ocrx_word' id='word_1_117' title='bbox 1412 2083 1442 2120; x_wconf 66' lang='grc' dir='ltr'><strong><em>ι</em></strong></span> <span class='ocrx_word' id='word_1_118' title='bbox 1493 2057 2010 2132; x_wconf 83' lang='lat' dir='ltr'>Verecundiam</span> <span class='ocrx_word' id='word_1_119' title='bbox 2052 2060 2206 2149; x_wconf 90' lang='lat' dir='ltr'>ejus</span> <span class='ocrx_word' id='word_1_120' title='bbox 2250 2058 2583 2149; x_wconf 81' lang='lat' dir='ltr'>patefacit</span> <span class='ocrx_word' id='word_1_121' title='bbox 2622 2058 2746 2149; x_wconf 88' lang='lat' dir='ltr'>qui</span> 
     </span>
     <span class='ocr_line' id='line_1_19' title="bbox 614 2180 2750 2276; baseline 0.002 -26"><span class='ocrx_word' id='word_1_122' title='bbox 614 2181 687 2252; x_wconf 81' lang='lat' dir='ltr'>in</span> <span class='ocrx_word' id='word_1_123' title='bbox 729 2183 1035 2276; x_wconf 75' lang='lat' dir='ltr'>quadam</span> <span class='ocrx_word' id='word_1_124' title='bbox 1071 2203 1352 2275; x_wconf 80' lang='lat' dir='ltr'>parum</span> <span class='ocrx_word' id='word_1_125' title='bbox 1380 2180 1654 2274; x_wconf 77' lang='lat' dir='ltr'>pudica</span> <span class='ocrx_word' id='word_1_126' title='bbox 1691 2181 2019 2253; x_wconf 77' lang='lat' dir='ltr'>oratione</span> <span class='ocrx_word' id='word_1_127' title='bbox 2063 2181 2283 2276; x_wconf 79' lang='lat' dir='ltr'>pallio</span> <span class='ocrx_word' id='word_1_128' title='bbox 2329 2188 2547 2274; x_wconf 82' lang='lat' dir='ltr'>caput</span> <span class='ocrx_word' id='word_1_129' title='bbox 2583 2200 2750 2273; x_wconf 86' lang='lat' dir='ltr'>ope·</span> 
     </span>
     <span class='ocr_line' id='line_1_20' title="bbox 615 2307 785 2380; baseline -0.018 0"><span class='ocrx_word' id='word_1_130' title='bbox 615 2307 785 2380; x_wconf 91' lang='lat' dir='ltr'>ruit.</span> 
     </span>
    </p>

    <p class='ocr_par' dir='ltr' id='par_1_8' title="bbox 610 2431 2757 3405">
     <span class='ocr_line' id='line_1_21' title="bbox 713 2431 2757 2524; baseline -0 -20"><span class='ocrx_word' id='word_1_131' title='bbox 713 2436 909 2520; x_wconf 85' lang='lat' dir='ltr'>Quae</span> <span class='ocrx_word' id='word_1_132' title='bbox 953 2440 1232 2513; x_wconf 89' lang='lat' dir='ltr'>cuncta,</span> <span class='ocrx_word' id='word_1_133' title='bbox 1279 2434 1612 2523; x_wconf 88' lang='lat' dir='ltr'>quamvis</span> <span class='ocrx_word' id='word_1_134' title='bbox 1653 2432 1969 2515; x_wconf 86' lang='lat' dir='ltr'>brevius,</span> <span class='ocrx_word' id='word_1_135' title='bbox 2015 2452 2229 2524; x_wconf 88' lang='lat' dir='ltr'>quam</span> <span class='ocrx_word' id='word_1_136' title='bbox 2273 2439 2350 2504; x_wconf 89' lang='lat' dir='ltr'>ut</span> <span class='ocrx_word' id='word_1_137' title='bbox 2389 2431 2608 2523; x_wconf 86' lang='lat' dir='ltr'>digna</span> <span class='ocrx_word' id='word_1_138' title='bbox 2645 2450 2757 2503; x_wconf 93' lang='lat' dir='ltr'>es-</span> 
     </span>
     <span class='ocr_line' id='line_1_22' title="bbox 613 2557 2748 2649; baseline -0.001 -18"><span class='ocrx_word' id='word_1_139' title='bbox 613 2564 777 2631; x_wconf 92' lang='lat' dir='ltr'>sent</span> <span class='ocrx_word' id='word_1_140' title='bbox 817 2575 1020 2630; x_wconf 89' lang='lat' dir='ltr'>verae</span> <span class='ocrx_word' id='word_1_141' title='bbox 1074 2557 1583 2649; x_wconf 82' lang='lat' dir='ltr'>philosophiae</span> <span class='ocrx_word' id='word_1_142' title='bbox 1642 2558 1934 2629; x_wconf 92' lang='lat' dir='ltr'>moralis</span> <span class='ocrx_word' id='word_1_143' title='bbox 1991 2565 2228 2649; x_wconf 87' lang='lat' dir='ltr'>patre,</span> <span class='ocrx_word' id='word_1_144' title='bbox 2294 2558 2514 2629; x_wconf 91' lang='lat' dir='ltr'>relata</span> <span class='ocrx_word' id='word_1_145' title='bbox 2562 2557 2748 2638; x_wconf 85' lang='lat' dir='ltr'>sint,</span> 
     </span>
     <span class='ocr_line' id='line_1_23' title="bbox 612 2683 2750 2773; baseline -0.003 -16"><span class='ocrx_word' id='word_1_146' title='bbox 612 2685 1163 2758; x_wconf 87' lang='lat' dir='ltr'>admirationem</span> <span class='ocrx_word' id='word_1_147' title='bbox 1221 2692 1290 2755; x_wconf 89' lang='lat' dir='ltr'>et</span> <span class='ocrx_word' id='word_1_148' title='bbox 1341 2683 1873 2755; x_wconf 87' lang='lat' dir='ltr'>venerationem</span> <span class='ocrx_word' id='word_1_149' title='bbox 1916 2683 2123 2754; x_wconf 87' lang='lat' dir='ltr'>Gellii</span> <span class='ocrx_word' id='word_1_150' title='bbox 2178 2701 2341 2773; x_wconf 84' lang='lat' dir='ltr'>erga</span> <span class='ocrx_word' id='word_1_151' title='bbox 2390 2683 2750 2754; x_wconf 87' lang='lat' dir='ltr'>Socratem</span> 
     </span>
     <span class='ocr_line' id='line_1_24' title="bbox 610 2804 2752 2902; baseline -0.002 -21"><span class='ocrx_word' id='word_1_152' title='bbox 610 2809 1062 2882; x_wconf 83' lang='lat' dir='ltr'>manifestam</span> <span class='ocrx_word' id='word_1_153' title='bbox 1104 2808 1372 2880; x_wconf 86' lang='lat' dir='ltr'>faciunt</span> <span class='ocrx_word' id='word_1_154' title='bbox 1418 2804 1540 2902; x_wconf 73' lang='lat'><strong>(2).</strong></span> <span class='ocrx_word' id='word_1_155' title='bbox 1583 2807 2051 2879; x_wconf 88' lang='lat' dir='ltr'>Desideratur</span> <span class='ocrx_word' id='word_1_156' title='bbox 2084 2815 2319 2879; x_wconf 90' lang='lat' dir='ltr'>tamen</span> <span class='ocrx_word' id='word_1_157' title='bbox 2361 2805 2554 2897; x_wconf 88' lang='lat' dir='ltr'>apud</span> <span class='ocrx_word' id='word_1_158' title='bbox 2587 2824 2752 2877; x_wconf 93' lang='lat' dir='ltr'>eum</span> 
     </span>
     <span class='ocr_line' id='line_1_25' title="bbox 612 2923 2754 3028; baseline -0.004 -19"><span class='ocrx_word' id='word_1_159' title='bbox 612 2935 1021 3028; x_wconf 85' lang='lat' dir='ltr'>diligentior</span> <span class='ocrx_word' id='word_1_160' title='bbox 1074 2932 1461 3025; x_wconf 87' lang='lat' dir='ltr'>exquisitio</span> <span class='ocrx_word' id='word_1_161' title='bbox 1512 2932 1863 3004; x_wconf 86' lang='lat' dir='ltr'>dictorum</span> <span class='ocrx_word' id='word_1_162' title='bbox 1923 2939 1991 3003; x_wconf 93' lang='lat' dir='ltr'>et</span> <span class='ocrx_word' id='word_1_163' title='bbox 2042 2932 2385 3004; x_wconf 86' lang='lat' dir='ltr'>factorum</span> <span class='ocrx_word' id='word_1_164' title='bbox 2421 2923 2754 3002; x_wconf 72' lang='lat' dir='ltr'>‘Socratis</span> 
     </span>
     <span class='ocr_line' id='line_1_26' title="bbox 613 3056 2751 3152; baseline -0.003 -19"><span class='ocrx_word' id='word_1_165' title='bbox 613 3079 798 3152; x_wconf 87' lang='lat' dir='ltr'>quae</span> <span class='ocrx_word' id='word_1_166' title='bbox 855 3058 1264 3131; x_wconf 91' lang='lat' dir='ltr'>inconsulto</span> <span class='ocrx_word' id='word_1_167' title='bbox 1319 3056 1577 3148; x_wconf 86' lang='lat' dir='ltr'>accipit</span> <span class='ocrx_word' id='word_1_168' title='bbox 1634 3082 1650 3127; x_wconf 79' lang='lat' dir='ltr'><strong><em>z</em></strong></span> <span class='ocrx_word' id='word_1_169' title='bbox 1718 3057 1913 3148; x_wconf 89' lang='lat' dir='ltr'>quod</span> <span class='ocrx_word' id='word_1_170' title='bbox 1971 3057 2058 3128; x_wconf 88' lang='lat' dir='ltr'>ad</span> <span class='ocrx_word' id='word_1_171' title='bbox 2120 3058 2255 3129; x_wconf 85' lang='lat' dir='ltr'>hoc</span> <span class='ocrx_word' id='word_1_172' title='bbox 2304 3057 2751 3148; x_wconf 91' lang='lat' dir='ltr'>propositum</span> 
     </span>
     <span class='ocr_line' id='line_1_27' title="bbox 611 3182 2756 3273; baseline -0.002 -16"><span class='ocrx_word' id='word_1_173' title='bbox 611 3185 901 3267; x_wconf 85' lang='lat' dir='ltr'>attinet,</span> <span class='ocrx_word' id='word_1_174' title='bbox 944 3183 1034 3255; x_wconf 90' lang='lat' dir='ltr'>ad</span> <span class='ocrx_word' id='word_1_175' title='bbox 1078 3184 1268 3255; x_wconf 86' lang='lat' dir='ltr'>varia</span> <span class='ocrx_word' id='word_1_176' title='bbox 1318 3182 1799 3254; x_wconf 88' lang='lat' dir='ltr'>recentiorum</span> <span class='ocrx_word' id='word_1_177' title='bbox 1852 3189 2252 3273; x_wconf 86' lang='lat' dir='ltr'>temporum</span> <span class='ocrx_word' id='word_1_178' title='bbox 2302 3183 2390 3256; x_wconf 90' lang='lat' dir='ltr'>de</span> <span class='ocrx_word' id='word_1_179' title='bbox 2442 3200 2756 3273; x_wconf 83' lang='lat' dir='ltr'>persona</span> 
     </span>
     <span class='ocr_line' id='line_1_28' title="bbox 614 3308 2753 3405; baseline -0.003 -20"><span class='ocrx_word' id='word_1_180' title='bbox 614 3311 922 3385; x_wconf 87' lang='lat' dir='ltr'>Socratis</span> <span class='ocrx_word' id='word_1_181' title='bbox 971 3308 1064 3405; x_wconf 82' lang='lat'>(5)</span> <span class='ocrx_word' id='word_1_182' title='bbox 1118 3310 1390 3402; x_wconf 83' lang='lat' dir='ltr'>judicia</span> <span class='ocrx_word' id='word_1_183' title='bbox 1447 3329 1775 3383; x_wconf 87' lang='lat' dir='ltr'>revocare</span> <span class='ocrx_word' id='word_1_184' title='bbox 1824 3308 2000 3381; x_wconf 89' lang='lat' dir='ltr'>satis</span> <span class='ocrx_word' id='word_1_185' title='bbox 2053 3316 2161 3381; x_wconf 91' lang='lat' dir='ltr'>est</span> <span class='ocrx_word' id='word_1_186' title='bbox 2217 3317 2285 3381; x_wconf 87' lang='lat' dir='ltr'>et</span> <span class='ocrx_word' id='word_1_187' title='bbox 2336 3308 2753 3382; x_wconf 80' lang='lat' dir='ltr'>auctoribus</span> 
     </span>
    </p>
   </div>
   <div class='ocr_carea' id='block_1_7' title="bbox 613 3604 2758 4305">
    <p class='ocr_par' dir='ltr' id='par_1_9' title="bbox 613 3604 2756 3851">
     <span class='ocr_line' id='line_1_29' title="bbox 613 3604 2756 3674; baseline -0.001 -17"><span class='ocrx_word' id='word_1_188' title='bbox 613 3611 792 3674; x_wconf 71' lang='lat' dir='ltr'>portet·</span> <span class='ocrx_word' id='word_1_189' title='bbox 824 3607 873 3659; x_wconf 88' lang='lat' dir='ltr'>le</span> <span class='ocrx_word' id='word_1_190' title='bbox 908 3606 1179 3658; x_wconf 86' lang='lat' dir='ltr'>continuel</span> <span class='ocrx_word' id='word_1_191' title='bbox 1218 3607 1527 3657; x_wconf 85' lang='lat' dir='ltr'>tintamarre</span> <span class='ocrx_word' id='word_1_192' title='bbox 1560 3604 1627 3656; x_wconf 89' lang='lat' dir='ltr'>de</span> <span class='ocrx_word' id='word_1_193' title='bbox 1664 3605 1714 3656; x_wconf 83' lang='lat' dir='ltr'>la</span> <span class='ocrx_word' id='word_1_194' title='bbox 1748 3608 1881 3655; x_wconf 80' lang='lat' dir='ltr'>teste</span> <span class='ocrx_word' id='word_1_195' title='bbox 1914 3605 1979 3655; x_wconf 88' lang='lat' dir='ltr'>de</span> <span class='ocrx_word' id='word_1_196' title='bbox 2005 3620 2065 3655; x_wconf 87' lang='lat' dir='ltr'>sa</span> <span class='ocrx_word' id='word_1_197' title='bbox 2101 3606 2321 3666; x_wconf 84' lang='lat' dir='ltr'>femme,</span> <span class='ocrx_word' id='word_1_198' title='bbox 2353 3618 2561 3656; x_wconf 85' lang='lat' dir='ltr'>comme</span> <span class='ocrx_word' id='word_1_199' title='bbox 2596 3605 2756 3656; x_wconf 83' lang='lat' dir='ltr'>ceulx</span> 
     </span>
     <span class='ocr_line' id='line_1_30' title="bbox 614 3695 2754 3763; baseline -0.001 -15"><span class='ocrx_word' id='word_1_200' title='bbox 614 3699 704 3763; x_wconf 90' lang='lat' dir='ltr'>qui</span> <span class='ocrx_word' id='word_1_201' title='bbox 744 3701 866 3748; x_wconf 83' lang='lat' dir='ltr'>sont</span> <span class='ocrx_word' id='word_1_202' title='bbox 907 3699 1278 3748; x_wconf 83' lang='lat' dir='ltr'>accoustumes</span> <span class='ocrx_word' id='word_1_203' title='bbox 1321 3698 1353 3745; x_wconf 69' lang='grc' dir='ltr'>ὲ</span> <span class='ocrx_word' id='word_1_204' title='bbox 1394 3695 1699 3746; x_wconf 83' lang='lat' dir='ltr'>l’ordinaire</span> <span class='ocrx_word' id='word_1_205' title='bbox 1736 3696 1909 3746; x_wconf 88' lang='lat' dir='ltr'>bruict</span> <span class='ocrx_word' id='word_1_206' title='bbox 1948 3697 2043 3746; x_wconf 86' lang='lat' dir='ltr'>des</span> <span class='ocrx_word' id='word_1_207' title='bbox 2080 3710 2237 3748; x_wconf 82' lang='lat' dir='ltr'>roues</span> <span class='ocrx_word' id='word_1_208' title='bbox 2269 3700 2299 3747; x_wconf 71' lang='grc' dir='ltr'><strong>ὲ</strong></span> <span class='ocrx_word' id='word_1_209' title='bbox 2338 3698 2517 3762; x_wconf 76' lang='lat' dir='ltr'>puiset</span> <span class='ocrx_word' id='word_1_210' title='bbox 2553 3696 2687 3747; x_wconf 79' lang='lat' dir='ltr'>l&#39;eau</span> <span class='ocrx_word' id='word_1_211' title='bbox 2727 3713 2754 3739; x_wconf 71' lang='grc' dir='ltr'><strong>υ</strong></span> 
     </span>
     <span class='ocr_line' id='line_1_31' title="bbox 617 3785 1257 3851; baseline -0.003 -13"><span class='ocrx_word' id='word_1_212' title='bbox 617 3787 823 3849; x_wconf 65' lang='lat' dir='ltr'>mont„</span> <span class='ocrx_word' id='word_1_213' title='bbox 854 3790 894 3838; x_wconf 90' lang='lat' dir='ltr'>l.</span> <span class='ocrx_word' id='word_1_214' title='bbox 922 3785 1018 3851; x_wconf 87' lang='lat'>111,</span> <span class='ocrx_word' id='word_1_215' title='bbox 1050 3802 1097 3838; x_wconf 87' lang='lat' dir='ltr'>c.</span> <span class='ocrx_word' id='word_1_216' title='bbox 1124 3787 1257 3851; x_wconf 87' lang='lat' dir='ltr'>xm).</span> 
     </span>
    </p>

    <p class='ocr_par' dir='ltr' id='par_1_10' title="bbox 614 3861 2758 4034">
     <span class='ocr_line' id='line_1_32' title="bbox 676 3861 2758 3944; baseline -0.001 -16"><span class='ocrx_word' id='word_1_217' title='bbox 676 3879 743 3944; x_wconf 86' lang='lat' dir='ltr'>(t)</span> <span class='ocrx_word' id='word_1_218' title='bbox 771 3876 890 3930; x_wconf 87' lang='lat' dir='ltr'>Hoc</span> <span class='ocrx_word' id='word_1_219' title='bbox 923 3879 1123 3929; x_wconf 82' lang='lat' dir='ltr'>factum</span> <span class='ocrx_word' id='word_1_220' title='bbox 1157 3876 1367 3927; x_wconf 83' lang='lat' dir='ltr'>admitti</span> <span class='ocrx_word' id='word_1_221' title='bbox 1399 3890 1557 3941; x_wconf 87' lang='lat' dir='ltr'>posse</span> <span class='ocrx_word' id='word_1_222' title='bbox 1586 3876 1661 3925; x_wconf 84' lang='lat' dir='ltr'>ait</span> <span class='ocrx_word' id='word_1_223' title='bbox 1693 3861 1893 3932; x_wconf 69' lang='lat' dir='ltr'>Zelle&#39;r.</span> <span class='ocrx_word' id='word_1_224' title='bbox 1928 3880 1963 3923; x_wconf 87' lang='lat' dir='ltr'>t.</span> <span class='ocrx_word' id='word_1_225' title='bbox 1998 3874 2108 3938; x_wconf 88' lang='lat'>111,</span> <span class='ocrx_word' id='word_1_226' title='bbox 2139 3891 2190 3940; x_wconf 88' lang='lat' dir='ltr'>p.</span> <span class='ocrx_word' id='word_1_227' title='bbox 2221 3877 2310 3934; x_wconf 84' lang='lat'>77,</span> <span class='ocrx_word' id='word_1_228' title='bbox 2346 3881 2397 3927; x_wconf 85' lang='lat' dir='ltr'>et</span> <span class='ocrx_word' id='word_1_229' title='bbox 2430 3876 2758 3940; x_wconf 84' lang='lat' dir='ltr'>temporibus</span> 
     </span>
     <span class='ocr_line' id='line_1_33' title="bbox 614 3965 2149 4034; baseline -0.003 -15"><span class='ocrx_word' id='word_1_230' title='bbox 614 3983 824 4034; x_wconf 81' lang='lat' dir='ltr'>pugnae</span> <span class='ocrx_word' id='word_1_231' title='bbox 852 3969 916 4019; x_wconf 80' lang='lat' dir='ltr'>ad</span> <span class='ocrx_word' id='word_1_232' title='bbox 949 3967 1161 4019; x_wconf 86' lang='lat' dir='ltr'>Delium</span> <span class='ocrx_word' id='word_1_233' title='bbox 1188 3969 1450 4028; x_wconf 85' lang='lat' dir='ltr'>evenisse,</span> <span class='ocrx_word' id='word_1_234' title='bbox 1477 3968 1619 4028; x_wconf 86' lang='lat' dir='ltr'>quod</span> <span class='ocrx_word' id='word_1_235' title='bbox 1647 3967 1840 4017; x_wconf 85' lang='lat' dir='ltr'>asserit</span> <span class='ocrx_word' id='word_1_236' title='bbox 1870 3965 2149 4031; x_wconf 86' lang='lat' dir='ltr'>Philopon.</span> 
     </span>
    </p>

    <p class='ocr_par' dir='ltr' id='par_1_11' title="bbox 681 4057 1753 4125">
     <span class='ocr_line' id='line_1_34' title="bbox 681 4057 1753 4125; baseline -0.004 -16"><span class='ocrx_word' id='word_1_237' title='bbox 681 4058 747 4125; x_wconf 74' lang='lat'>(⁴2)</span> <span class='ocrx_word' id='word_1_238' title='bbox 777 4057 858 4112; x_wconf 82' lang='lat' dir='ltr'>Cf.</span> <span class='ocrx_word' id='word_1_239' title='bbox 889 4058 1076 4119; x_wconf 69' lang='lat' dir='ltr'>Mont„</span> <span class='ocrx_word' id='word_1_240' title='bbox 1109 4060 1144 4108; x_wconf 91' lang='lat'>1.</span> <span class='ocrx_word' id='word_1_241' title='bbox 1177 4057 1274 4114; x_wconf 87' lang='grc' dir='ltr'><strong>ΙΙΙ.</strong></span> <span class='ocrx_word' id='word_1_242' title='bbox 1300 4073 1347 4109; x_wconf 89' lang='lat' dir='ltr'>c.</span> <span class='ocrx_word' id='word_1_243' title='bbox 1379 4071 1511 4119; x_wconf 75' lang='lat'>¹¹113</span> <span class='ocrx_word' id='word_1_244' title='bbox 1541 4057 1584 4117; x_wconf 89' lang='lat'>1,</span> <span class='ocrx_word' id='word_1_245' title='bbox 1611 4072 1657 4109; x_wconf 90' lang='lat' dir='ltr'>c.</span> <span class='ocrx_word' id='word_1_246' title='bbox 1684 4071 1753 4106; x_wconf 83' lang='lat' dir='ltr'>x1.</span> 
     </span>
    </p>

    <p class='ocr_par' dir='ltr' id='par_1_12' title="bbox 616 4144 2757 4305">
     <span class='ocr_line' id='line_1_35' title="bbox 680 4144 2757 4215; baseline -0.003 -15"><span class='ocrx_word' id='word_1_247' title='bbox 680 4152 747 4215; x_wconf 82' lang='lat'>(3)</span> <span class='ocrx_word' id='word_1_248' title='bbox 771 4148 1130 4206; x_wconf 64' lang='lat' dir='ltr'>Nourrisson,</span> <span class='ocrx_word' id='word_1_249' title='bbox 1162 4149 1349 4198; x_wconf 72' lang='lat' dir='ltr'>Pemee</span> <span class='ocrx_word' id='word_1_250' title='bbox 1374 4146 1639 4202; x_wconf 71' lang='lat' dir='ltr'>humatae,</span> <span class='ocrx_word' id='word_1_251' title='bbox 1661 4161 1719 4209; x_wconf 83' lang='lat' dir='ltr'>p.</span> <span class='ocrx_word' id='word_1_252' title='bbox 1755 4144 1917 4197; x_wconf 79' lang='lat'><strong>38-41.</strong></span> <span class='ocrx_word' id='word_1_253' title='bbox 1954 4172 2010 4182; x_wconf 91' lang='lat'>-</span> <span class='ocrx_word' id='word_1_254' title='bbox 2044 4144 2107 4197; x_wconf 88' lang='lat' dir='ltr'>A.</span> <span class='ocrx_word' id='word_1_255' title='bbox 2143 4146 2411 4207; x_wconf 88' lang='lat' dir='ltr'>Lemoine‚</span> <span class='ocrx_word' id='word_1_256' title='bbox 2444 4146 2608 4195; x_wconf 76' lang='lat' dir='ltr'>L&#39;ame</span> <span class='ocrx_word' id='word_1_257' title='bbox 2636 4155 2682 4194; x_wconf 79' lang='lat' dir='ltr'>et</span> <span class='ocrx_word' id='word_1_258' title='bbox 2712 4144 2757 4194; x_wconf 79' lang='lat' dir='ltr'>le</span> 
     </span>
     <span class='ocr_line' id='line_1_36' title="bbox 616 4232 2749 4305; baseline -0.004 -15"><span class='ocrx_word' id='word_1_259' title='bbox 616 4254 776 4305; x_wconf 70' lang='lat' dir='ltr'>corps,</span> <span class='ocrx_word' id='word_1_260' title='bbox 808 4253 860 4303; x_wconf 85' lang='lat' dir='ltr'>p.</span> <span class='ocrx_word' id='word_1_261' title='bbox 888 4238 999 4297; x_wconf 78' lang='lat'>279,</span> <span class='ocrx_word' id='word_1_262' title='bbox 1023 4238 1135 4300; x_wconf 76' lang='lat'>281,</span> <span class='ocrx_word' id='word_1_263' title='bbox 1162 4235 1272 4289; x_wconf 76' lang='lat'><strong>291.</strong></span> <span class='ocrx_word' id='word_1_264' title='bbox 1306 4262 1356 4274; x_wconf 87' lang='grc'>-</span> <span class='ocrx_word' id='word_1_265' title='bbox 1390 4233 1643 4297; x_wconf 73' lang='grc' dir='ltr'>Ὲοιιίυόθ,</span> <span class='ocrx_word' id='word_1_266' title='bbox 1674 4234 2004 4301; x_wconf 69' lang='lat' dir='ltr'>Philosophia</span> <span class='ocrx_word' id='word_1_267' title='bbox 2031 4236 2092 4296; x_wconf 79' lang='lat' dir='ltr'>de</span> <span class='ocrx_word' id='word_1_268' title='bbox 2120 4237 2344 4296; x_wconf 82' lang='lat' dir='ltr'>Socrate,</span> <span class='ocrx_word' id='word_1_269' title='bbox 2377 4239 2415 4284; x_wconf 81' lang='lat' dir='ltr'>t.</span> <span class='ocrx_word' id='word_1_270' title='bbox 2455 4235 2522 4294; x_wconf 90' lang='lat'>11,</span> <span class='ocrx_word' id='word_1_271' title='bbox 2554 4249 2606 4298; x_wconf 91' lang='lat' dir='ltr'>p.</span> <span class='ocrx_word' id='word_1_272' title='bbox 2637 4232 2749 4283; x_wconf 65' lang='lat'><strong>269.</strong></span> 
     </span>
    </p>
   </div>
   <div class='ocr_carea' id='block_1_8' title="bbox 3098 2666 3108 4747">
    <p class='ocr_par' dir='ltr' id='par_1_13' title="bbox 3098 2666 3108 4747">
     <span class='ocr_line' id='line_1_37' title="bbox 3098 2666 3108 4747; baseline 0 0"><span class='ocrx_word' id='word_1_273' title='bbox 3098 2666 3108 4747; x_wconf 95' lang='lat' dir='ltr'> </span> 
     </span>
    </p>
   </div>
  </div>
 </body>
</html>
