3125 4959
89 1336 138 1384 L.
163 1333 280 1394 xlv,
306 1346 349 1386 c.
374 1348 409 1392 1,
433 1336 512 1383 36.

1465 426 1784 488 ...24-

569 571 991 662 plerumque
1030 567 1454 658 astrologiae
1491 564 1877 637 credebant
1924 560 2017 658 (1)
2072 589 2087 634 ε
2145 581 2227 634 ea
2266 581 2440 635 sane
2477 561 2692 635 etiam

565 693 756 785 apud
787 693 1126 783 antiquos
1157 692 1444 782 plurimi
1491 691 1917 771 habebatur,
1945 688 2139 779 quod
2172 690 2277 759 vel
2312 706 2351 759 e
2383 690 2695 760 Senecae

566 817 931 907 Tacitique
973 816 1258 906 scriptis
1308 821 1604 905 apparet
1650 810 1778 907 (2).
1819 812 2147 904 Nigidius
2188 813 2478 910 Figulus
2518 830 2694 902 quo-

568 960 732 1033 que.
780 948 856 1014 ut
892 941 1078 1012 infra
1118 939 1548 1020 videbimus,
1589 946 1659 1010 et
1696 937 2070 1029 Apuleius,
2114 939 2238 1027 qui
2270 937 2477 1008 Gellii
2523 943 2693 1009 tem-

567 1065 863 1157 poribus
906 1065 1078 1136 vixit
1127 1063 1255 1158 (5),
1301 1064 1470 1136 huic
1507 1063 1746 1135 studio
1789 1081 1865 1135 se
1909 1062 2194 1135 dedisse
2237 1063 2589 1135 feruntur.

666 1190 791 1261 His
849 1190 1226 1281 praecipue
1281 1189 1762 1279 argumentis,
1826 1205 2009 1277 quae
2074 1187 2267 1277 apud
2333 1205 2695 1277 quemque

566 1316 956 1407 plurimum
999 1316 1227 1386 valere
1269 1314 1624 1398 credebat,
1676 1314 2009 1385 utebatur
2050 1338 2066 1383 :
2123 1340 2153 1376 «
2194 1320 2317 1385 aut
2362 1313 2688 1394 adversa,

568 1440 969 1530 inquiebat,
1025 1445 1365 1511 eventura
1419 1438 1668 1510 dicunt
1720 1445 1844 1509 aut
1889 1456 2256 1529 prospera.
2318 1438 2391 1508 Si
2447 1437 2694 1509 dicunt

567 1583 907 1656 prospera
957 1572 1026 1635 et
1074 1563 1356 1643 fallunt,
1411 1562 1629 1634 miser
1686 1561 1813 1636 fies
1862 1561 2127 1634 frustra
2181 1561 2686 1651 exspectando.

565 1689 638 1760 Si
681 1688 976 1760 adversa
1031 1687 1278 1777 dicunt
1327 1693 1396 1758 et
1448 1688 1923 1769 mentiuntur,
1986 1686 2204 1758 miser
2251 1686 2380 1759 fies
2429 1686 2693 1757 frustra

564 1812 909 1885 timendo,
956 1812 1081 1884 Sin
1126 1830 1286 1884 vera
1325 1803 1765 1901 respondent
1805 1830 2033 1901 eaque
2087 1820 2258 1883 sunt
2302 1830 2449 1883 non
2492 1830 2692 1903 pros-

561 1957 757 2029 pera,
803 1939 950 2027 jam
992 1937 1162 2009 inde
1203 1955 1286 2008 ex
1329 1936 1571 2008 animo
1611 1936 1829 2006 miser
1869 1935 1998 2008 fies
2040 1943 2425 2026 antequam
2469 1956 2509 2007 a
2549 1936 2690 2009 fato

560 2061 717 2133 fias.
774 2062 843 2133 Si
896 2062 1130 2134 felicia
1169 2060 1599 2151 promittunt
1647 2078 1874 2149 eaque
1916 2070 2257 2132 eventura
2296 2069 2490 2141 sunt,
2537 2068 2688 2132 tum

558 2188 772 2277 plane
818 2186 960 2258 duo
1011 2194 1220 2259 erunt
1267 2186 1724 2257 incommoda
1769 2210 1785 2255 ε
1832 2194 1901 2257 et
1939 2188 2371 2276 exspectatio
2420 2193 2486 2258 te
2536 2187 2690 2277 spei

560 2330 992 2403 suspensum
1037 2311 1359 2402 fatigabit
1406 2318 1474 2383 et
1517 2310 1836 2382 futurum
1878 2310 2118 2402 gaudii
2169 2311 2472 2383 fructum
2524 2330 2688 2402 spes

560 2435 690 2507 tibi
755 2437 901 2525 jam
970 2435 1453 2527 praeflorabit.
1518 2436 1730 2507 Nullo
1790 2435 2006 2526 igitur
2071 2443 2271 2525 pacto
2338 2436 2684 2510 utendum

560 2567 669 2632 est
714 2560 925 2631 istius
982 2559 1172 2631 medi
1227 2559 1647 2632 hominibus
1704 2579 1815 2632 res
1856 2560 2133 2633 futuras
2178 2562 2688 2654 praesagienti-

557 2684 695 2755 bus
744 2680 872 2777 (4).
919 2710 949 2747 ι

658 2810 1047 2881 Favorinus
1087 2828 1249 2901 ergo
1298 2829 1444 2882 non
1496 2812 1852 2883 immerito
1900 2811 2160 2910 dicitur
2199 2812 2287 2884 de
2326 2812 2685 2903 quibusli-

557 2936 679 3008 bet
716 2934 928 3006 rebus
970 2935 1093 3006 diu
1147 2942 1215 3006 et
1262 2934 1465 3008 facile
1511 2935 1865 3009 disserere
1915 2938 2237 3028 potuisse
2290 2935 2419 3031 (5).
2482 2938 2685 3023 Quod

622 3146 688 3209 (1)
711 3143 790 3196 Cf.
822 3144 1038 3208 Teuffel,
1071 3161 1153 3213 op.
1186 3149 1294 3210 cir„
1326 3152 1364 3199 t.
1394 3150 1436 3209 Ι,
1466 3164 1519 3212 p.
1549 3148 1629 3200 94.

621 3234 687 3299 (2)
712 3232 917 3299 Seneo„
949 3237 1149 3297 Quaest.
1174 3244 1306 3297 nat„
1341 3235 1392 3299 1,
1425 3237 1502 3287 32.
1534 3248 1594 3275 -’-
1624 3235 1769 3301 Τειο.,
1803 3238 2017 3299 Αηηαι.,
2047 3237 2140 3300 VI,
2170 3238 2264 3301 223
2292 3240 2366 3290 cf.
2396 3238 2684 3300 condinae,

557 3324 684 3374 Hist.
717 3338 855 3380 ane..
887 3328 922 3372 t.
958 3324 1027 3383 X,
1055 3340 1105 3387 p.
1137 3325 1216 3374 41.

618 3411 684 3476 (3)
715 3410 935 3474 Teuffel,
966 3417 1001 3468 t.
1035 3412 1134 3474 ΙΙΙ,
1165 3429 1215 3477 p.
1253 3412 1330 3464 45.

618 3500 684 3564 (4)
713 3499 792 3550 Cf.
825 3499 1093 3552 Condillac
1120 3518 1131 3551 ι
1156 3521 1180 3546 «
1210 3503 1250 3551 Il
1273 3518 1313 3564 y
1339 3517 1369 3551 a
1393 3502 1464 3551 du
1487 3503 1686 3566 danger
1707 3506 1737 3553 a
1759 3506 1888 3555 faire
1910 3506 2035 3555 tirer
2056 3518 2150 3555 son
2172 3506 2482 3570 horoscope,
2510 3506 2686 3569 quand

556 3603 625 3639 on
658 3593 794 3640 croit
826 3595 857 3641 a
894 3591 1229 3653 l'astrologie.
1258 3590 1485 3654 J'ajoute
1513 3592 1639 3656 qu'il
1668 3608 1707 3655 y
1736 3608 1766 3642 a
1801 3595 1973 3643 meme
2001 3594 2066 3643 de
2101 3595 2482 3658 l'imprudence
2510 3596 2683 3659 quand

555 3692 621 3728 on
644 3679 735 3740 n'y
758 3681 895 3729 croit
919 3695 1029 3743 pas.
1058 3678 1114 3728 Si
1138 3693 1205 3729 on
1235 3695 1318 3729 me
1339 3681 1512 3744 predit
1538 3682 1631 3730 des
1656 3683 1844 3731 choses
1869 3682 2235 3746 de’sagreables
2259 3685 2346 3746 qui
2372 3684 2514 3733 aient
2535 3685 2686 3746 quel-

554 3782 655 3830 que
692 3770 877 3818 lraison
913 3783 1040 3818 avec
1071 3770 1148 3818 les
1183 3769 1482 3819 differentes
1511 3772 1910 3822 cir-constances
1939 3773 2009 3821 οἰι
2040 3787 2123 3821 me
2157 3774 2254 3821 [ait
2284 3774 2685 3823 naturellement

552 3873 734 3922 passer
764 3860 812 3908 le
836 3873 995 3921 genre
1023 3859 1088 3908 de
1118 3859 1202 3908 vie
1232 3874 1331 3922 que
1355 3861 1443 3921 J’ai
1474 3862 1741 3911 embrasse
1763 3900 1774 3918 ‚
1808 3863 2045 3911 chacune
2081 3862 2144 3911 de
2173 3877 2262 3912 ces
2294 3863 2687 3913 circonstances

554 3962 638 3998 me
671 3950 719 3998 le
747 3949 1033 4011 rappellera
1059 3950 1257 4013 malgrd
1282 3951 1407 4000 moi.
1440 3948 1538 4002 Ces
1564 3952 1765 4016 images
1792 3952 1971 4002 tristes
2002 3966 2085 4001 me
2115 3954 2442 4010 troubles-ont
2469 3953 2588 4015 plus
2615 3965 2686 4001 ou

552 4039 725 4088 moins
753 4041 784 4087 a
807 4041 1115 4102 proportion
1146 4040 1210 4089 de
1243 4041 1293 4089 la
1327 4041 1557 4091 vivacite
1585 4056 1714 4091 aveo
1740 4044 1963 4107 laquelle
1991 4042 2119 4092 elles
2145 4056 2205 4092 se
2234 4046 2614 4093 retraceront...
2656 4062 2682 4086 υ

556 4128 746 4193 (Troice
769 4131 851 4181 des
876 4131 1125 4194 systema,
1155 4145 1208 4195 p.
1237 4129 1298 4181 70
1326 4135 1379 4180 et
1406 4130 1563 4194 suiv.)

614 4219 681 4280 (5)
708 4216 786 4269 Cf.
825 4217 1107 4278 Broc-hard,
1140 4234 1220 4286 op.
1254 4219 1359 4280 cic„
1394 4234 1442 4284 p.
1481 4219 1591 4269 329.
