3125 4959
168 847 217 896 L.
250 846 329 907 IX,
361 860 420 900 c..
435 862 484 899 v.

117 1958 163 2006 L.
189 1955 349 2016 xvm,
372 1968 413 2004 c.
433 1969 534 2005 xnr.

1497 468 1580 486 ..
1618 433 1698 498 88
1736 468 1819 485 .-

593 573 890 650 tamenti
953 571 1311 645 licentiam
1375 572 1762 645 admittens
1822 579 1891 645 et
1947 572 2323 644 verborum
2384 569 2736 654 mutatio-

591 716 785 771 nem.
2398 755 2405 762 .
2708 711 2717 716 ·

689 821 891 894 Alius
942 830 1460 894 annumeratur
1512 824 1809 903 stoicus,
1856 822 2245 903 Hierocles,
2289 823 2490 912 cujus
2535 822 2740 892 Tau-

592 965 715 1018 rus
757 947 942 1018 hanc
980 947 1067 1019 de
1102 948 1461 1038 voluptate
1501 954 1571 1019 et
1608 946 2057 1037 providentia
2097 947 2523 1019 sententiam
2564 965 2736 1019 sae-

590 1071 889 1161 pissime
930 1070 1163 1142 verbis
1203 1070 1599 1161 usurpabat
1638 1095 1653 1141 ε
1698 1065 1916 1145 Ἡδονὴ
1956 1075 2157 1158 τέλος,
2198 1074 2417 1165 πόρνης
2453 1065 2656 1165 δόγμα
2706 1099 2725 1112 ·

590 1200 696 1262 οὐκ,
727 1198 857 1264 ἐστὶ
890 1197 1143 1290 προναία
1174 1194 1268 1289 (l)
1310 1188 1446 1263 οὐδὲ
1481 1198 1701 1290 πόρνης
1737 1190 1942 1290 δόγμα
1974 1221 1990 1266 :
2030 1197 2154 1286 qui
2184 1215 2225 1266 a
2256 1196 2482 1268 Gellio
2517 1215 2732 1265 sanc-

587 1324 695 1387 tus
733 1325 801 1387 et
837 1320 1092 1409 gravis
1134 1326 1445 1391 vocatur.
1494 1321 1594 1391 De
1641 1338 1723 1391 eo
1775 1339 1988 1409 quem
2047 1322 2250 1392 aiunt
2296 1320 2587 1410 quidam
2629 1338 2733 1392 ex

589 1443 859 1515 athleta
892 1442 1404 1534 philosophum
1436 1443 1752 1516 evasisse
1783 1444 1966 1516 nihil
2001 1435 2314 1536 amplius
2347 1444 2533 1534 apud
2566 1444 2737 1515 Gel-

591 1569 765 1639 lium
810 1559 1186 1657 reperitur.

688 1692 843 1763 Non
895 1692 1271 1783 indignum
1324 1692 1501 1765 sorte
1551 1693 1911 1765 videbitur
1963 1694 2081 1764 hic
2136 1711 2530 1776 memorare
2573 1694 2722 1763 Pu-

592 1817 819 1889 blium
856 1818 1140 1909 Syrum,
1177 1818 1380 1907 quus
1418 1818 1817 1890 sententiae
1859 1818 2138 1908 lepidae
2178 1826 2247 1890 et
2283 1816 2383 1886 ad
2416 1839 2732 1887 commu-

589 1964 749 2010 nem
787 1963 1195 2011 sermonum
1236 1964 1436 2010 usum
1472 1941 2152 2011 commodatissimae
2174 1943 2380 2031 juxta
2413 1944 2731 2013 Senecae

465 2158 472 2164 ,
594 2087 810 2158 opera
859 2068 1282 2159 saepissime
1334 2065 1568 2138 editae
1609 2066 1923 2149 luerunt,
1962 2076 2037 2152 ,et
2081 2067 2476 2146 Sotionem,
2525 2065 2736 2135 haud

117 2208 165 2257 L.
195 2208 240 2262 l,
273 2220 316 2256 c,
347 2220 457 2267 vm,
491 2211 535 2255 1.

590 2214 757 2262 sane
784 2191 1156 2285 z‘ynobilem
1182 2190 1449 2274 virum,
1471 2173 1635 2283 qui,
1664 2191 1737 2262 in
1766 2192 1952 2263 libro
1983 2210 2196 2282 quem
2232 2193 2452 2264 latine
2478 2188 2732 2261 Cornu
2778 2249 2787 2258 .

593 2337 860 2410 caprae
901 2324 1170 2389 vertere
1210 2316 1399 2399 licet,
1456 2316 1720 2387 multas
1770 2316 2148 2405 variasque
2194 2315 2536 2387 historias
2573 2329 2729 2387 am-

595 2442 848 2533 plexus
889 2447 997 2513 est
1050 2448 1119 2512 et
1169 2459 1359 2511 unus
1410 2457 1448 2510 e
1496 2440 1808 2511 Senecae
1856 2439 2215 2530 magistris
2272 2440 2402 2522 fuit
2448 2464 2464 2510 ε
2509 2457 2727 2529 quem

596 2566 890 2658 quidam
942 2566 1125 2637 inter
1180 2566 1650 2655 pythagoreos
1704 2572 2086 2637 numerant
2138 2561 2268 2657 (2),
2328 2564 2596 2638 Gellius
2638 2582 2731 2634 ex

596 2690 1055 2782 peripatetica
1095 2688 1478 2781 disciplina
1519 2689 1717 2761 dicit.

995 2968 1111 3036 10⁰
1149 2963 1257 3035 De
1289 2963 1731 3058 Pyrrhoniis
1767 2971 1834 3034 et
1864 2934 2336 3036 Academici&

697 3247 1098 3320 Stoicorum
1125 3246 1270 3318 fere
1307 3246 1645 3337 aequales
1675 3253 1744 3318 et
1772 3246 2160 3318 adversarii
2199 3244 2395 3317 fuere
2426 3246 2732 3336 Pyrrho-

600 3372 700 3443 nii
752 3390 835 3444 ac
879 3371 1744 3463 praesertimAcademici
1805 3368 1932 3464 (5).
1989 3373 2410 3462 Protagorae
2456 3379 2526 3443 et
2562 3353 2729 3442 aliis

600 3496 945 3586 sophistis
988 3495 1340 3576 infensus,
1380 3514 1525 3567 non
1568 3496 1814 3569 eadem
1854 3493 2223 3567 severitate
2257 3495 2528 3567 Gellius
2560 3495 2731 3587 Pyr-

602 3619 896 3691 rhonios
937 3626 1004 3689 et
1033 3611 1492 3692 Acade'micos'
1523 3622 2013 3716 prosequitur,
2044 3620 2212 3709 quia
2243 3620 2485 3691 forsan
2517 3620 2730 3692 Favo-

599 3744 741 3820 rini
769 3744 915 3816 ‚fuit
953 3743 1350 3834 discipulus
1375 3753 1465 3817 -et
1499 3746 1915 3838 admirator,
1946 3746 2120 3818 satis
2163 3746 2440 3836 hahens
2479 3745 2728 3837 paucis
2766 3747 2769 3752 ’

663 4046 727 4108 (l)
757 4044 1005 4103 Fouillee,
1036 4043 1174 4096 Phil.
1205 4044 1267 4094 de
1298 4046 1520 4103 Socrate,
1551 4047 1589 4112 t.
1621 4041 1692 4105 11,
1718 4058 1769 4107 p.
1804 4043 1907 4094 125.

660 4136 727 4198 (2)
758 4134 894 4186 Vide
924 4133 1110 4193 Ritter,
1145 4135 1270 4194 Hist.
1293 4133 1383 4198 ph.
1410 4146 1549 4193 ane„
1579 4136 1616 4182 t.
1651 4130 1746 4194 IV,
1777 4147 1828 4197 p.
1858 4130 1962 4182 140.

662 4226 728 4289 (3)
759 4223 823 4276 V.
855 4223 1140 4287 Brochard,
1168 4225 1249 4273 Les
1272 4222 1545 4288 sceptiques
1573 4235 1725 4285 grece.
