3125 4959
1347 432 1669 492 —71-

436 570 817 642 alteriusr
785 570 884 641 rei
939 569 1107 641 finis
1163 589 1321 641 cum
1380 571 1676 642 alterius
1730 570 1937 642 initio
1995 569 2363 651 concinat,
2421 590 2566 643 non

438 696 651 769 refert
689 696 1049 787 quomodo
1087 697 1642 771 demonstretur.
2651 716 2703 767 L.
2734 717 2810 777 v1‚
2843 731 2882 766 ο.
2916 732 3024 769 χιι.

538 824 637 892 Ex
699 823 1200 912 quaestionum
1268 822 1778 894 certationibus
1833 823 2099 913 quibus
2167 766 2573 895 Saturnalia

402 939 739 1021 'Athenis
795 949 1059 1039 agitare
1114 968 1270 1020 cum
1342 946 1594 1020 amicis
1659 949 1976 1032 solebat,
2032 950 2210 1021 haec
2265 949 2564 1032 citatur,

435 1096 735 1163 quonam
772 1073 976 1144 modo
1014 1074 1267 1145 audiri
1304 1079 1511 1167 atque
1547 1074 1785 1167 accipi
1819 1073 2094 1144 deberet
2128 1074 2316 1167 quod
2361 1073 2573 1145 Plato

436 1200 514 1268 in
547 1200 848 1283 civitate,
882 1223 1099 1294 quam
1135 1200 1214 1269 in
1244 1199 1437 1269 libris
1467 1199 1609 1270 suis
1637 1198 1969 1281 condidit,
2010 1221 2409 1297 communes
2435 1222 2574 1271 esse

435 1325 768 1395 mulieres
807 1324 1187 1398 censuerit.
1242 1323 1482 1395 Libris
1529 1324 1938 1418 coronisque
1989 1325 2292 1397 donatos
2349 1323 2570 1397 fuisse

433 1450 606 1523 dicit
645 1452 769 1541 qui
801 1423 998 1529 banc,
1031 1452 1528 1541 quaestionem
1568 1452 2133 1542 explanaverunt
2167 1469 2298 1522 nec
2329 1457 2568 1522 tamen

432 1576 702 1647 indicat
741 1576 1100 1665 quomodo
1143 1596 1297 1648 eam
1344 1577 1713 1648 solverint.
2624 1590 2674 1638 L.
2708 1589 2875 1647 xv111..
2915 1603 2955 1639 r:-
2998 1607 3044 1639 Π.

533 1700 660 1770 Hic
698 1700 1087 1774 narratoris
1142 1702 1365 1792 magis
1419 1720 1634 1790 quam
1686 1700 2126 1791 indagatoris
2183 1718 2564 1789 personam

430 1825 575 1915 agit
614 1826 885 1896 Gellius
926 1833 995 1897 et
1027 1844 1140 1896 res
1182 1824 1430 1897 leviter
1472 1825 1955 1917 praestringit.
2000 1826 2156 1896 Non
2199 1824 2398 1905 vidit,
2443 1830 2566 1896 aut

430 1950 683 2021 saltem
726 1968 869 2021 non
915 1950 1179 2022 vidisse
1227 1950 1546 2035 videtur,
1605 1949 1953 2020 civitatem
1999 1971 2214 2041 quam
2260 1948 2568 2019 condidit

428 2074 508 2141 in
548 2073 739 2142 libris
770 2074 913 2144 suis
961 2076 1156 2147 Plato
1189 2095 1333 2147 uon
1368 2076 1706 2147 omnibus
1740 2076 2064 2167 partibus
2095 2074 2330 2146 fictam
2364 2093 2558 2156 esse,
2620 2095 2669 2143 L.
2702 2096 2871 2151 xvm.
2996 2111 3044 2143 tl.

430 2198 559 2270 sed
598 2199 826 2271 instar
856 2200 1102 2270 Cretae
1135 2207 1202 2272 et
1234 2199 1790 2272 Lacedaemonis
1829 2199 2321 2290 compositam,
2369 2200 2560 2289 quod

431 2324 658 2396 nostri
709 2325 1046 2414 aequales
1100 2324 1773 2396 demonstraverunt
1838 2321 1930 2418 (l)
1996 2350 2012 2395 :
2078 2326 2214 2396 hoc
2274 2342 2564 2414 quoque

429 2455 614 2519 recte
649 2447 913 2519 dictum
959 2448 1092 2519 fuit
1137 2450 1413 2521 Platoni
1455 2450 1688 2521 visum
1730 2468 1888 2521 esse
1921 2450 2150 2521 civem*
2184 2449 2274 2520 ad
2312 2449 2558 2520 civita-

429 2580 569 2645 tem
613 2593 758 2645 non
799 2574 1150 2648 civitatem
1195 2576 1285 2646 ad
1328 2576 1514 2647 cives
1556 2575 1810 2647 factam
1851 2575 2073 2647 fuisse
2114 2572 2236 2669 (2).

529 2700 881 2771 Omnibus
932 2707 1180 2772 notum
1234 2706 1342 2772 est
1396 2701 1674 2772 Platoni
1733 2701 2165 2772 successisse
2222 2698 2563 2792 Speusip-

432 2842 597 2914 pum
648 2821 776 2917 (5),
823 2825 1025 2914 cujus
1063 2832 1226 2915 post
1259 2831 1557 2897 mortem
1595 2826 2010 2897 Aristoteles
2043 2824 2347 2898 traditur
2376 2845 2560 2916 pau-

427 2948 613 3018 culos
650 2948 860 3017 libros
896 2948 1116 3046 tribus
1151 2950 1425 3019 talentis
1462 2949 1687 3020 atticis
1722 2949 1968 3019 emisse
2010 2976 2025 3021 ;
2078 2951 2166 3022 de
2206 2951 2360 3041 ejus
2399 2949 2561 3020 doc·
2616 2957 2667 3010 L.
2692 2957 2768 3019 111,
2793 2970 2830 3009 0·
2855 2975 2967 3007 mu.

432 3071 618 3144 trina
656 3072 791 3144 hoc
830 3075 1061 3145 solum
1104 3075 1292 3165 apud
1337 3075 1642 3147 Gellium
1685 3050 2050 3146 invenitur
2091 3099 2106 3145 ε
2153 3093 2235 3146 eo
2274 3081 2560 3146 auctore

430 3201 491 3264 et
532 3202 765 3268 vetere
803 3197 1002 3267 omni
1035 3196 1419 3269 Academia
1448 3255 1463 3282 ,
1509 3200 1834 3291 voluptas
1876 3206 1945 3271 et
1983 3200 2189 3271 dolor
2226 3198 2366 3268 duo
2400 3204 2562 3267 sunt

430 3319 624 3389 mala
680 3321 868 3391 inter
930 3345 1070 3392 sese
1128 3322 1485 3417 opposita,
1546 3325 1818 3397 bonum
1880 3333 1988 3396 est
2046 3324 2237 3413 quod
2286 3322 2558 3392 utrius-

429 3467 560 3537 que
610 3446 924 3516 medium
973 3455 1068 3519 est
1129 3447 1257 3542 (4).
1320 3450 1513 3522 Nihil
1565 3449 1862 3520 omnino
1915 3449 2003 3520 de
2045 3450 2441 3528 Xenocrate
2490 3454 2560 3520 et
2632 3474 2684 3523 L.
2714 3473 2863 3528 nce..
2899 3487 2941 3527 v„

432 3571 855 3653 Polemone,
931 3575 1133 3663 cujus
1191 3574 1517 3644 Valerius
1592 3574 1942 3646 Maximus
2010 3570 2103 3666 (5)
2181 3572 2556 3645 historiam

491 3862 558 3925 (1)
592 3861 764 3921 Janet,
801 3879 883 3928 op.
910 3867 1018 3927 cit„
1055 3871 1092 3915 t.
1126 3866 1170 3928 Ι,
1202 3884 1253 3931 p.
1290 3866 1396 3918 140.

494 3952 561 4015 (2)
595 3952 773 4014 Denis,
807 3968 888 4017 op.
920 3958 1029 4014 cit„
1061 3960 1098 4005 t.
1133 3957 1174 4015 Ι,
1203 3972 1255 4019 p.
1291 3954 1397 4005 136.

492 4039 559 4106 (3)
589 4038 669 4092 Cf.
700 4042 889 4104 muer,
921 4049 955 4093 t.
990 4044 1062 4106 11,
1091 4058 1144 4106 p.
1174 4043 1281 4094 391.

497 4132 565 4194 (4)
594 4132 691 4193 ld„
723 4133 873 4195 ibid„
898 4150 952 4197 p.
975 4134 1095 4196 3973
1122 4134 1195 4185 cf.
1225 4132 1355 4195 Cio„
1383 4134 1493 4193 Ac„
1528 4134 1600 4195 II,
1627 4134 1715 4191 4‘2;
1751 4136 1911 4199 Tusa,
1947 4133 2011 4195 V,
2049 4136 2131 4197 18;
2157 4135 2221 4184 De
2243 4134 2358 4198 fin„
2389 4132 2486 4197 IV,
2509 4133 2556 4184 6.

495 4222 568 4282 (5)
598 4218 715 4271 Val.
746 4220 909 4282 Max„
937 4221 1029 4275 VI.
1061 4222 1117 4285 93
1147 4224 1214 4272 cf.
1248 4221 1433 4284 Mont.‚
1467 4225 1500 4273 1.
1533 4222 1606 4285 Π,
1632 4237 1678 4273 c.
1709 4236 1834 4272 xvn.
