<?xml version="1.0" encoding="UTF-8"?>
<!DOCTYPE html PUBLIC "-//W3C//DTD XHTML 1.0 Transitional//EN"
    "http://www.w3.org/TR/xhtml1/DTD/xhtml1-transitional.dtd">
<html xmlns="http://www.w3.org/1999/xhtml" xml:lang="en" lang="en">
 <head>
  <title>
</title>
<meta http-equiv="Content-Type" content="text/html;charset=utf-8" />
  <meta name='ocr-system' content='tesseract 3.04.00' />
  <meta name='ocr-capabilities' content='ocr_page ocr_carea ocr_par ocr_line ocrx_word'/>
</head>
<body>
  <div class='ocr_page' id='page_1' title='image "./aulusgelliusqua00dewagoog_0079.png"; bbox 0 0 3125 4959; ppageno 0'>
   <div class='ocr_carea' id='block_1_1' title="bbox 1307 464 1629 529">
    <p class='ocr_par' dir='ltr' id='par_1_1' title="bbox 1307 464 1629 529">
     <span class='ocr_line' id='line_1_1' title="bbox 1307 464 1629 529; baseline 0.003 -17"><span class='ocrx_word' id='word_1_1' title='bbox 1307 464 1629 529; x_wconf 66' lang='lat'>...53-</span> 
     </span>
    </p>
   </div>
   <div class='ocr_carea' id='block_1_2' title="bbox 395 599 2532 1199">
    <p class='ocr_par' dir='ltr' id='par_1_2' title="bbox 395 599 2532 1199">
     <span class='ocr_line' id='line_1_2' title="bbox 395 599 2531 699; baseline 0 -23"><span class='ocrx_word' id='word_1_2' title='bbox 395 604 678 695; x_wconf 86' lang='lat' dir='ltr'><strong>cognita</strong></span> <span class='ocrx_word' id='word_1_3' title='bbox 737 599 867 699; x_wconf 82' lang='lat'>(1).</span> <span class='ocrx_word' id='word_1_4' title='bbox 922 604 1205 677; x_wconf 77' lang='lat' dir='ltr'><strong>Nullam</strong></span> <span class='ocrx_word' id='word_1_5' title='bbox 1264 602 1430 676; x_wconf 79' lang='lat' dir='ltr'><strong>facit</strong></span> <span class='ocrx_word' id='word_1_6' title='bbox 1483 602 1919 677; x_wconf 81' lang='lat' dir='ltr'><strong>mentionem</strong></span> <span class='ocrx_word' id='word_1_7' title='bbox 1968 603 2059 677; x_wconf 91' lang='lat' dir='ltr'><strong>de</strong></span> <span class='ocrx_word' id='word_1_8' title='bbox 2110 606 2531 678; x_wconf 91' lang='lat' dir='ltr'><strong>commercio</strong></span> 
     </span>
     <span class='ocr_line' id='line_1_3' title="bbox 397 729 2530 822; baseline 0.001 -21"><span class='ocrx_word' id='word_1_9' title='bbox 397 729 592 821; x_wconf 88' lang='lat' dir='ltr'><strong>quod</strong></span> <span class='ocrx_word' id='word_1_10' title='bbox 628 730 938 804; x_wconf 87' lang='lat' dir='ltr'><strong>creditur</strong></span> <span class='ocrx_word' id='word_1_11' title='bbox 975 730 1202 802; x_wconf 81' lang='lat' dir='ltr'><strong>fuisse</strong></span> <span class='ocrx_word' id='word_1_12' title='bbox 1242 729 1654 822; x_wconf 84' lang='lat' dir='ltr'>Empedocli</span> <span class='ocrx_word' id='word_1_13' title='bbox 1704 749 1861 802; x_wconf 91' lang='lat' dir='ltr'><strong>cum</strong></span> <span class='ocrx_word' id='word_1_14' title='bbox 1916 730 2350 820; x_wconf 89' lang='lat' dir='ltr'><strong>quibusdam</strong></span> <span class='ocrx_word' id='word_1_15' title='bbox 2402 750 2530 822; x_wconf 88' lang='lat' dir='ltr'><strong>py-</strong></span> 
     </span>
     <span class='ocr_line' id='line_1_4' title="bbox 396 832 2530 947; baseline 0 -21"><span class='ocrx_word' id='word_1_16' title='bbox 396 832 715 947; x_wconf 52' lang='lat' dir='ltr'><strong>tbaporei</strong></span> <span class='ocrx_word' id='word_1_17' title='bbox 774 855 1048 946; x_wconf 82' lang='lat' dir='ltr'><strong>collegii</strong></span> <span class='ocrx_word' id='word_1_18' title='bbox 1108 855 1564 947; x_wconf 83' lang='lat' dir='ltr'><strong>pbilosophis</strong></span> <span class='ocrx_word' id='word_1_19' title='bbox 1619 872 1752 926; x_wconf 90' lang='lat' dir='ltr'><strong>nec</strong></span> <span class='ocrx_word' id='word_1_20' title='bbox 1806 853 1895 926; x_wconf 89' lang='lat' dir='ltr'><strong>de</strong></span> <span class='ocrx_word' id='word_1_21' title='bbox 1952 873 2036 926; x_wconf 89' lang='lat' dir='ltr'><strong>eo</strong></span> <span class='ocrx_word' id='word_1_22' title='bbox 2092 855 2332 928; x_wconf 87' lang='lat' dir='ltr'><strong>studio</strong></span> <span class='ocrx_word' id='word_1_23' title='bbox 2387 874 2530 946; x_wconf 88' lang='lat' dir='ltr'><strong>quo</strong></span> 
     </span>
     <span class='ocr_line' id='line_1_5' title="bbox 397 978 2532 1072; baseline 0.001 -22"><span class='ocrx_word' id='word_1_24' title='bbox 397 980 768 1071; x_wconf 77' lang='lat' dir='ltr'><strong>mysticam</strong></span> <span class='ocrx_word' id='word_1_25' title='bbox 809 980 1248 1072; x_wconf 83' lang='lat' dir='ltr'>Pythagorae</span> <span class='ocrx_word' id='word_1_26' title='bbox 1286 978 1685 1051; x_wconf 88' lang='lat' dir='ltr'><strong>orationem</strong></span> <span class='ocrx_word' id='word_1_27' title='bbox 1738 979 2155 1051; x_wconf 80' lang='lat' dir='ltr'><strong>imitabatur</strong></span> <span class='ocrx_word' id='word_1_28' title='bbox 2193 999 2276 1052; x_wconf 91' lang='lat' dir='ltr'><strong>ac</strong></span> <span class='ocrx_word' id='word_1_29' title='bbox 2318 981 2532 1052; x_wconf 86' lang='lat' dir='ltr'><strong>mira·</strong></span> 
     </span>
     <span class='ocr_line' id='line_1_6' title="bbox 396 1104 1141 1199; baseline 0.001 -24"><span class='ocrx_word' id='word_1_30' title='bbox 396 1105 555 1177; x_wconf 82' lang='lat' dir='ltr'><strong>cula</strong></span> <span class='ocrx_word' id='word_1_31' title='bbox 593 1104 965 1178; x_wconf 84' lang='lat' dir='ltr'><strong>affectabat</strong></span> <span class='ocrx_word' id='word_1_32' title='bbox 1011 1104 1141 1199; x_wconf 77' lang='lat'><strong>(2).</strong></span> 
     </span>
    </p>
   </div>
   <div class='ocr_carea' id='block_1_3' title="bbox 872 1353 2043 1449">
    <p class='ocr_par' dir='ltr' id='par_1_3' title="bbox 872 1353 2043 1449">
     <span class='ocr_line' id='line_1_7' title="bbox 872 1353 2043 1449; baseline -0.003 -22"><span class='ocrx_word' id='word_1_33' title='bbox 872 1359 946 1427; x_wconf 80' lang='lat'><strong>2⁰</strong></span> <span class='ocrx_word' id='word_1_34' title='bbox 999 1356 1109 1426; x_wconf 84' lang='lat' dir='ltr'><strong>De</strong></span> <span class='ocrx_word' id='word_1_35' title='bbox 1155 1355 1558 1427; x_wconf 78' lang='lat' dir='ltr'><strong>Democrito</strong></span> <span class='ocrx_word' id='word_1_36' title='bbox 1595 1363 1659 1427; x_wconf 75' lang='lat' dir='ltr'><strong>et</strong></span> <span class='ocrx_word' id='word_1_37' title='bbox 1692 1353 2043 1449; x_wconf 80' lang='lat' dir='ltr'><strong>Epicuro.</strong></span> 
     </span>
    </p>
   </div>
   <div class='ocr_carea' id='block_1_4' title="bbox 375 1606 2998 3702">
    <p class='ocr_par' dir='ltr' id='par_1_4' title="bbox 384 1606 2998 2201">
     <span class='ocr_line' id='line_1_8' title="bbox 491 1606 2524 1681; baseline -0 -2"><span class='ocrx_word' id='word_1_38' title='bbox 491 1608 704 1679; x_wconf 78' lang='lat' dir='ltr'><strong>Plura</strong></span> <span class='ocrx_word' id='word_1_39' title='bbox 750 1606 922 1680; x_wconf 91' lang='lat' dir='ltr'><strong>dicit</strong></span> <span class='ocrx_word' id='word_1_40' title='bbox 962 1607 1051 1679; x_wconf 90' lang='lat' dir='ltr'><strong>de</strong></span> <span class='ocrx_word' id='word_1_41' title='bbox 1092 1607 1517 1681; x_wconf 79' lang='lat' dir='ltr'><strong>Democrito.</strong></span> <span class='ocrx_word' id='word_1_42' title='bbox 1560 1607 1844 1678; x_wconf 80' lang='lat' dir='ltr'><strong>vixisse</strong></span> <span class='ocrx_word' id='word_1_43' title='bbox 1897 1626 2058 1679; x_wconf 88' lang='lat' dir='ltr'><strong>eum</strong></span> <span class='ocrx_word' id='word_1_44' title='bbox 2105 1607 2205 1679; x_wconf 93' lang='lat' dir='ltr'><strong>ait</strong></span> <span class='ocrx_word' id='word_1_45' title='bbox 2268 1633 2298 1669; x_wconf 77' lang='grc' dir='ltr'>ι</span> <span class='ocrx_word' id='word_1_46' title='bbox 2342 1608 2524 1679; x_wconf 85' lang='lat' dir='ltr'><strong>circa</strong></span> 
     </span>
     <span class='ocr_line' id='line_1_9' title="bbox 389 1732 2517 1824; baseline -0 -20"><span class='ocrx_word' id='word_1_47' title='bbox 389 1751 662 1804; x_wconf 89' lang='lat' dir='ltr'><strong>annum</strong></span> <span class='ocrx_word' id='word_1_48' title='bbox 731 1733 876 1805; x_wconf 83' lang='lat' dir='ltr'><strong>fere</strong></span> <span class='ocrx_word' id='word_1_49' title='bbox 936 1740 1098 1824; x_wconf 84' lang='lat' dir='ltr'><strong>post</strong></span> <span class='ocrx_word' id='word_1_50' title='bbox 1159 1732 1520 1804; x_wconf 88' lang='lat' dir='ltr'><strong>conditam</strong></span> <span class='ocrx_word' id='word_1_51' title='bbox 1587 1733 1881 1803; x_wconf 83' lang='lat' dir='ltr'><strong>Romam</strong></span> <span class='ocrx_word' id='word_1_52' title='bbox 1943 1732 2517 1804; x_wconf 89' lang='lat' dir='ltr'><strong>trecentesimum</strong></span> 
     </span>
     <span class='ocr_line' id='line_1_10' title="bbox 389 1856 2998 1947; baseline -0.001 -17"><span class='ocrx_word' id='word_1_53' title='bbox 389 1858 802 1930; x_wconf 83' lang='lat' dir='ltr'><strong>vicesimum</strong></span> <span class='ocrx_word' id='word_1_54' title='bbox 843 1858 1176 1938; x_wconf 85' lang='lat' dir='ltr'><strong>tertium;</strong></span> <span class='ocrx_word' id='word_1_55' title='bbox 1225 1883 1253 1921; x_wconf 69' lang='grc' dir='ltr'><strong>ι</strong></span> <span class='ocrx_word' id='word_1_56' title='bbox 1322 1877 1364 1928; x_wconf 90' lang='lat' dir='ltr'><strong>a</strong></span> <span class='ocrx_word' id='word_1_57' title='bbox 1425 1857 1654 1928; x_wconf 85' lang='lat' dir='ltr'><strong>Gellio</strong></span> <span class='ocrx_word' id='word_1_58' title='bbox 1711 1856 1832 1927; x_wconf 83' lang='lat' dir='ltr'><strong>atii</strong></span> <span class='ocrx_word' id='word_1_59' title='bbox 1897 1856 2338 1928; x_wconf 86' lang='lat' dir='ltr'><strong>dissentiunt</strong></span> <span class='ocrx_word' id='word_1_60' title='bbox 2394 1857 2515 1947; x_wconf 82' lang='lat' dir='ltr'><strong>qui</strong></span> <span class='ocrx_word' id='word_1_61' title='bbox 2578 1870 2998 1929; x_wconf 50' lang='lat' dir='ltr'><strong>cavinam,</strong></span> 
     </span>
     <span class='ocr_line' id='line_1_11' title="bbox 384 1938 2827 2072; baseline -0.001 -19"><span class='ocrx_word' id='word_1_62' title='bbox 384 2001 618 2053; x_wconf 88' lang='lat' dir='ltr'><strong>annos</strong></span> <span class='ocrx_word' id='word_1_63' title='bbox 669 1982 933 2072; x_wconf 88' lang='lat' dir='ltr'><strong>quibus</strong></span> <span class='ocrx_word' id='word_1_64' title='bbox 985 1990 1198 2054; x_wconf 84' lang='lat' dir='ltr'><strong>natus</strong></span> <span class='ocrx_word' id='word_1_65' title='bbox 1239 1990 1308 2054; x_wconf 91' lang='lat' dir='ltr'><strong>et</strong></span> <span class='ocrx_word' id='word_1_66' title='bbox 1358 1990 1684 2055; x_wconf 86' lang='lat' dir='ltr'><strong>mortuus</strong></span> <span class='ocrx_word' id='word_1_67' title='bbox 1738 1990 1846 2054; x_wconf 85' lang='lat' dir='ltr'><strong>est</strong></span> <span class='ocrx_word' id='word_1_68' title='bbox 1904 1983 2344 2053; x_wconf 82' lang='lat' dir='ltr'><strong>Democritus</strong></span> <span class='ocrx_word' id='word_1_69' title='bbox 2403 1983 2515 2053; x_wconf 89' lang='lat' dir='ltr'><strong>in-</strong></span> <span class='ocrx_word' id='word_1_70' title='bbox 2751 1938 2827 1984; x_wconf 52' lang='grc' dir='ltr'><strong>ω’</strong></span> 
     </span>
     <span class='ocr_line' id='line_1_12' title="bbox 385 2106 1359 2201; baseline -0.002 -22"><span class='ocrx_word' id='word_1_71' title='bbox 385 2116 614 2181; x_wconf 89' lang='lat' dir='ltr'><strong>certos</strong></span> <span class='ocrx_word' id='word_1_72' title='bbox 653 2125 814 2179; x_wconf 88' lang='lat' dir='ltr'><strong>esse</strong></span> <span class='ocrx_word' id='word_1_73' title='bbox 850 2113 1184 2181; x_wconf 88' lang='lat' dir='ltr'><strong>asserunt</strong></span> <span class='ocrx_word' id='word_1_74' title='bbox 1229 2106 1359 2201; x_wconf 78' lang='lat'><strong>(5).</strong></span> 
     </span>
    </p>

    <p class='ocr_par' dir='ltr' id='par_1_5' title="bbox 375 2231 2995 3702">
     <span class='ocr_line' id='line_1_13' title="bbox 486 2231 2515 2323; baseline 0 -20"><span class='ocrx_word' id='word_1_75' title='bbox 486 2232 721 2305; x_wconf 82' lang='lat' dir='ltr'><strong>Refert</strong></span> <span class='ocrx_word' id='word_1_76' title='bbox 760 2231 1230 2323; x_wconf 84' lang='lat' dir='ltr'><strong>quomodo.et</strong></span> <span class='ocrx_word' id='word_1_77' title='bbox 1257 2251 1400 2323; x_wconf 88' lang='lat' dir='ltr'><strong>qua</strong></span> <span class='ocrx_word' id='word_1_78' title='bbox 1432 2250 1649 2304; x_wconf 89' lang='lat' dir='ltr'><strong>causa</strong></span> <span class='ocrx_word' id='word_1_79' title='bbox 1690 2234 2133 2304; x_wconf 81' lang='lat' dir='ltr'><strong>Democritus</strong></span> <span class='ocrx_word' id='word_1_80' title='bbox 2178 2233 2515 2323; x_wconf 89' lang='lat' dir='ltr'><strong>semetip-</strong></span> 
     </span>
     <span class='ocr_line' id='line_1_14' title="bbox 386 2357 2972 2450; baseline -0.002 -18"><span class='ocrx_word' id='word_1_81' title='bbox 386 2378 547 2432; x_wconf 92' lang='lat' dir='ltr'><strong>sum</strong></span> <span class='ocrx_word' id='word_1_82' title='bbox 581 2357 952 2428; x_wconf 78' lang='lat' dir='ltr'><strong>luminibus</strong></span> <span class='ocrx_word' id='word_1_83' title='bbox 974 2358 1336 2428; x_wconf 82' lang='lat' dir='ltr'><strong>oculorum</strong></span> <span class='ocrx_word' id='word_1_84' title='bbox 1354 2357 1682 2450; x_wconf 76' lang='lat' dir='ltr'><strong>privasse</strong></span> <span class='ocrx_word' id='word_1_85' title='bbox 1703 2358 2046 2440; x_wconf 84' lang='lat' dir='ltr'><strong>tradatur,</strong></span> <span class='ocrx_word' id='word_1_86' title='bbox 2081 2378 2224 2450; x_wconf 88' lang='lat' dir='ltr'><strong>quo</strong></span> <span class='ocrx_word' id='word_1_87' title='bbox 2257 2357 2515 2432; x_wconf 87' lang='lat' dir='ltr'><strong>meiius</strong></span> <span class='ocrx_word' id='word_1_88' title='bbox 2607 2371 2654 2420; x_wconf 75' lang='lat' dir='ltr'><strong>t.</strong></span> <span class='ocrx_word' id='word_1_89' title='bbox 2689 2371 2743 2431; x_wconf 80' lang='lat' dir='ltr'><strong>x,</strong></span> <span class='ocrx_word' id='word_1_90' title='bbox 2777 2385 2818 2419; x_wconf 83' lang='lat' dir='ltr'><strong>e.</strong></span> <span class='ocrx_word' id='word_1_91' title='bbox 2852 2386 2972 2420; x_wconf 82' lang='lat' dir='ltr'><strong>xvu.</strong></span> 
     </span>
     <span class='ocr_line' id='line_1_15' title="bbox 384 2484 2519 2567; baseline 0 -12"><span class='ocrx_word' id='word_1_92' title='bbox 384 2484 790 2558; x_wconf 87' lang='lat' dir='ltr'><strong>intenderet</strong></span> <span class='ocrx_word' id='word_1_93' title='bbox 864 2484 1190 2556; x_wconf 89' lang='lat' dir='ltr'><strong>animum</strong></span> <span class='ocrx_word' id='word_1_94' title='bbox 1252 2491 1420 2567; x_wconf 87' lang='lat' dir='ltr'><strong>aut,</strong></span> <span class='ocrx_word' id='word_1_95' title='bbox 1485 2484 1546 2556; x_wconf 92' lang='lat' dir='ltr'><strong>si</strong></span> <span class='ocrx_word' id='word_1_96' title='bbox 1616 2485 1914 2556; x_wconf 83' lang='lat' dir='ltr'><strong>Laberio</strong></span> <span class='ocrx_word' id='word_1_97' title='bbox 1973 2484 2154 2557; x_wconf 89' lang='lat' dir='ltr'><strong>fides</strong></span> <span class='ocrx_word' id='word_1_98' title='bbox 2212 2493 2322 2557; x_wconf 90' lang='lat' dir='ltr'><strong>est</strong></span> <span class='ocrx_word' id='word_1_99' title='bbox 2379 2486 2519 2557; x_wconf 89' lang='lat' dir='ltr'><strong>ha-</strong></span> 
     </span>
     <span class='ocr_line' id='line_1_16' title="bbox 380 2609 2660 2710; baseline -0 -29"><span class='ocrx_word' id='word_1_100' title='bbox 380 2610 651 2692; x_wconf 83' lang='lat' dir='ltr'><strong>benda,</strong></span> <span class='ocrx_word' id='word_1_101' title='bbox 692 2628 784 2682; x_wconf 89' lang='lat' dir='ltr'><strong>ne</strong></span> <span class='ocrx_word' id='word_1_102' title='bbox 830 2610 1170 2682; x_wconf 86' lang='lat' dir='ltr'><strong>florentes</strong></span> <span class='ocrx_word' id='word_1_103' title='bbox 1224 2609 1453 2681; x_wconf 86' lang='lat' dir='ltr'><strong>maios</strong></span> <span class='ocrx_word' id='word_1_104' title='bbox 1509 2609 1696 2681; x_wconf 88' lang='lat' dir='ltr'><strong>cives</strong></span> <span class='ocrx_word' id='word_1_105' title='bbox 1757 2609 2050 2682; x_wconf 89' lang='lat' dir='ltr'><strong>videret.</strong></span> <span class='ocrx_word' id='word_1_106' title='bbox 2114 2612 2311 2696; x_wconf 84' lang='lat' dir='ltr'><strong>Quae</strong></span> <span class='ocrx_word' id='word_1_107' title='bbox 2366 2610 2515 2681; x_wconf 89' lang='lat' dir='ltr'><strong>bis·</strong></span> <span class='ocrx_word' id='word_1_108' title='bbox 2653 2705 2660 2710; x_wconf 22' lang='lat'>⁵</span> 
     </span>
     <span class='ocr_line' id='line_1_17' title="bbox 381 2717 2622 2825; baseline -0.001 -18"><span class='ocrx_word' id='word_1_109' title='bbox 381 2736 566 2807; x_wconf 88' lang='lat' dir='ltr'><strong>toria</strong></span> <span class='ocrx_word' id='word_1_110' title='bbox 617 2754 778 2807; x_wconf 83' lang='lat' dir='ltr'><strong>vera</strong></span> <span class='ocrx_word' id='word_1_111' title='bbox 841 2754 934 2805; x_wconf 91' lang='lat' dir='ltr'><strong>an</strong></span> <span class='ocrx_word' id='word_1_112' title='bbox 987 2734 1166 2806; x_wconf 80' lang='lat' dir='ltr'><strong>falsa</strong></span> <span class='ocrx_word' id='word_1_113' title='bbox 1235 2735 1328 2807; x_wconf 92' lang='lat' dir='ltr'><strong>sit</strong></span> <span class='ocrx_word' id='word_1_114' title='bbox 1397 2753 1540 2806; x_wconf 89' lang='lat' dir='ltr'><strong>non</strong></span> <span class='ocrx_word' id='word_1_115' title='bbox 1614 2734 1991 2825; x_wconf 84' lang='lat' dir='ltr'><strong>perpendit</strong></span> <span class='ocrx_word' id='word_1_116' title='bbox 2040 2734 2210 2806; x_wconf 91' lang='lat' dir='ltr'><strong>dum</strong></span> <span class='ocrx_word' id='word_1_117' title='bbox 2264 2717 2516 2825; x_wconf 80' lang='lat' dir='ltr'><strong>conjici</strong></span> <span class='ocrx_word' id='word_1_118' title='bbox 2617 2785 2622 2790; x_wconf 84' lang='lat'><em>-</em></span> 
     </span>
     <span class='ocr_line' id='line_1_18' title="bbox 380 2855 2524 2951; baseline -0.001 -19"><span class='ocrx_word' id='word_1_119' title='bbox 380 2865 618 2951; x_wconf 84' lang='lat' dir='ltr'><strong>potest</strong></span> <span class='ocrx_word' id='word_1_120' title='bbox 649 2876 806 2931; x_wconf 88' lang='lat' dir='ltr'><strong>cum</strong></span> <span class='ocrx_word' id='word_1_121' title='bbox 848 2859 1381 2951; x_wconf 80' lang='lat' dir='ltr'><strong>probatissimis</strong></span> <span class='ocrx_word' id='word_1_122' title='bbox 1421 2859 1836 2930; x_wconf 87' lang='lat' dir='ltr'><strong>auctoribus</strong></span> <span class='ocrx_word' id='word_1_123' title='bbox 1890 2858 1984 2951; x_wconf 79' lang='lat'><strong>(4)</strong></span> <span class='ocrx_word' id='word_1_124' title='bbox 2050 2878 2203 2931; x_wconf 89' lang='lat' dir='ltr'><strong>eam</strong></span> <span class='ocrx_word' id='word_1_125' title='bbox 2251 2855 2524 2931; x_wconf 83' lang='lat' dir='ltr'><strong>exiliis</strong></span> 
     </span>
     <span class='ocr_line' id='line_1_19' title="bbox 381 2984 2517 3075; baseline -0.001 -20"><span class='ocrx_word' id='word_1_126' title='bbox 381 2999 568 3075; x_wconf 86' lang='lat' dir='ltr'><strong>quae</strong></span> <span class='ocrx_word' id='word_1_127' title='bbox 640 2984 729 3057; x_wconf 91' lang='lat' dir='ltr'><strong>de</strong></span> <span class='ocrx_word' id='word_1_128' title='bbox 805 3004 1151 3057; x_wconf 89' lang='lat' dir='ltr'><strong>sensuum</strong></span> <span class='ocrx_word' id='word_1_129' title='bbox 1221 2985 1586 3056; x_wconf 89' lang='lat' dir='ltr'><strong>erroribus</strong></span> <span class='ocrx_word' id='word_1_130' title='bbox 1654 2984 2008 3075; x_wconf 85' lang='lat' dir='ltr'><strong>cogitabat</strong></span> <span class='ocrx_word' id='word_1_131' title='bbox 2074 2984 2517 3056; x_wconf 86' lang='lat' dir='ltr'><strong>Democritus</strong></span> 
     </span>
     <span class='ocr_line' id='line_1_20' title="bbox 379 3108 1058 3200; baseline -0.001 -20"><span class='ocrx_word' id='word_1_132' title='bbox 379 3108 834 3200; x_wconf 88' lang='lat' dir='ltr'><strong>desumptam</strong></span> <span class='ocrx_word' id='word_1_133' title='bbox 872 3128 1058 3182; x_wconf 89' lang='lat' dir='ltr'><strong>esse.</strong></span> 
     </span>
     <span class='ocr_line' id='line_1_21' title="bbox 424 3234 2514 3316; baseline -0 -11"><span class='ocrx_word' id='word_1_134' title='bbox 424 3251 431 3258; x_wconf 89' lang='lat'><strong>·</strong></span> <span class='ocrx_word' id='word_1_135' title='bbox 480 3235 780 3307; x_wconf 83' lang='lat' dir='ltr'><strong>Auctore</strong></span> <span class='ocrx_word' id='word_1_136' title='bbox 821 3235 1247 3316; x_wconf 91' lang='lat' dir='ltr'><strong>Democrito,</strong></span> <span class='ocrx_word' id='word_1_137' title='bbox 1288 3234 1622 3306; x_wconf 88' lang='lat' dir='ltr'><strong>tibiarum</strong></span> <span class='ocrx_word' id='word_1_138' title='bbox 1663 3253 1885 3306; x_wconf 87' lang='lat' dir='ltr'><strong>sonus</strong></span> <span class='ocrx_word' id='word_1_139' title='bbox 1922 3235 2292 3305; x_wconf 88' lang='lat' dir='ltr'><strong>nonnullis</strong></span> <span class='ocrx_word' id='word_1_140' title='bbox 2333 3253 2514 3305; x_wconf 90' lang='lat' dir='ltr'><strong>mor-</strong></span> 
     </span>
     <span class='ocr_line' id='line_1_22' title="bbox 379 3345 2995 3452; baseline 0.001 -21"><span class='ocrx_word' id='word_1_141' title='bbox 379 3358 495 3431; x_wconf 90' lang='lat' dir='ltr'><strong>bis</strong></span> <span class='ocrx_word' id='word_1_142' title='bbox 555 3360 869 3432; x_wconf 87' lang='lat' dir='ltr'><strong>remedio</strong></span> <span class='ocrx_word' id='word_1_143' title='bbox 929 3368 1038 3432; x_wconf 91' lang='lat' dir='ltr'><strong>est</strong></span> <span class='ocrx_word' id='word_1_144' title='bbox 1084 3385 1100 3431; x_wconf 74' lang='grc' dir='ltr'>ε</span> <span class='ocrx_word' id='word_1_145' title='bbox 1153 3389 1183 3423; x_wconf 78' lang='grc' dir='ltr'>ι</span> <span class='ocrx_word' id='word_1_146' title='bbox 1225 3363 1448 3432; x_wconf 89' lang='lat' dir='ltr'><strong>Tanta</strong></span> <span class='ocrx_word' id='word_1_147' title='bbox 1503 3380 1798 3451; x_wconf 88' lang='lat' dir='ltr'><strong>prorsus</strong></span> <span class='ocrx_word' id='word_1_148' title='bbox 1833 3416 1850 3443; x_wconf 91' lang='lat'><strong>,</strong></span> <span class='ocrx_word' id='word_1_149' title='bbox 1905 3345 2508 3452; x_wconf 69' lang='lat' dir='ltr'><strong>inquit-Gellius,</strong></span> <span class='ocrx_word' id='word_1_150' title='bbox 2569 3369 2995 3432; x_wconf 46' lang='lat' dir='ltr'><strong>hwa-xum·</strong></span> 
     </span>
     <span class='ocr_line' id='line_1_23' title="bbox 378 3484 2515 3576; baseline 0.001 -20"><span class='ocrx_word' id='word_1_151' title='bbox 378 3484 694 3558; x_wconf 87' lang='lat' dir='ltr'><strong>affinitas</strong></span> <span class='ocrx_word' id='word_1_152' title='bbox 766 3493 877 3558; x_wconf 91' lang='lat' dir='ltr'><strong>est</strong></span> <span class='ocrx_word' id='word_1_153' title='bbox 938 3486 1357 3576; x_wconf 88' lang='lat' dir='ltr'><strong>corporibus</strong></span> <span class='ocrx_word' id='word_1_154' title='bbox 1420 3485 1797 3557; x_wconf 91' lang='lat' dir='ltr'><strong>hominum</strong></span> <span class='ocrx_word' id='word_1_155' title='bbox 1872 3486 2385 3576; x_wconf 88' lang='lat' dir='ltr'><strong>mentibusque</strong></span> <span class='ocrx_word' id='word_1_156' title='bbox 2446 3494 2515 3559; x_wconf 93' lang='lat' dir='ltr'><strong>et</strong></span> 
     </span>
     <span class='ocr_line' id='line_1_24' title="bbox 375 3610 2515 3702; baseline 0.001 -21"><span class='ocrx_word' id='word_1_157' title='bbox 375 3615 754 3702; x_wconf 86' lang='lat' dir='ltr'><strong>propterea</strong></span> <span class='ocrx_word' id='word_1_158' title='bbox 812 3610 1004 3682; x_wconf 83' lang='lat' dir='ltr'><strong>vitiis</strong></span> <span class='ocrx_word' id='word_1_159' title='bbox 1063 3628 1352 3701; x_wconf 89' lang='lat' dir='ltr'><strong>quoque</strong></span> <span class='ocrx_word' id='word_1_160' title='bbox 1417 3618 1541 3681; x_wconf 90' lang='lat' dir='ltr'><strong>aut</strong></span> <span class='ocrx_word' id='word_1_161' title='bbox 1608 3610 1908 3683; x_wconf 86' lang='lat' dir='ltr'><strong>medelis</strong></span> <span class='ocrx_word' id='word_1_162' title='bbox 1969 3611 2374 3682; x_wconf 88' lang='lat' dir='ltr'><strong>animorum</strong></span> <span class='ocrx_word' id='word_1_163' title='bbox 2447 3620 2515 3683; x_wconf 84' lang='lat' dir='ltr'><strong>et</strong></span> 
     </span>
    </p>
   </div>
   <div class='ocr_carea' id='block_1_5' title="bbox 376 3918 2512 4341">
    <p class='ocr_par' dir='ltr' id='par_1_6' title="bbox 440 3918 1270 3984">
     <span class='ocr_line' id='line_1_25' title="bbox 440 3918 1270 3984; baseline 0.004 -16"><span class='ocrx_word' id='word_1_164' title='bbox 440 3918 507 3983; x_wconf 88' lang='lat'><strong>(1)</strong></span> <span class='ocrx_word' id='word_1_165' title='bbox 542 3920 726 3981; x_wconf 86' lang='lat' dir='ltr'><strong>Zeller,</strong></span> <span class='ocrx_word' id='word_1_166' title='bbox 757 3924 795 3970; x_wconf 85' lang='lat' dir='ltr'><strong>t.</strong></span> <span class='ocrx_word' id='word_1_167' title='bbox 829 3918 897 3983; x_wconf 92' lang='lat'><strong>11,</strong></span> <span class='ocrx_word' id='word_1_168' title='bbox 929 3935 982 3984; x_wconf 85' lang='lat' dir='ltr'><strong>p.</strong></span> <span class='ocrx_word' id='word_1_169' title='bbox 1017 3918 1124 3984; x_wconf 79' lang='lat'><strong>¹99,</strong></span> <span class='ocrx_word' id='word_1_170' title='bbox 1156 3920 1270 3972; x_wconf 74' lang='lat'><strong>200.</strong></span> 
     </span>
    </p>

    <p class='ocr_par' dir='ltr' id='par_1_7' title="bbox 444 4007 883 4072">
     <span class='ocr_line' id='line_1_26' title="bbox 444 4007 883 4072; baseline 0.002 -15"><span class='ocrx_word' id='word_1_171' title='bbox 444 4007 519 4072; x_wconf 75' lang='lat'><strong>(2)</strong></span> <span class='ocrx_word' id='word_1_172' title='bbox 542 4007 723 4071; x_wconf 70' lang='lat' dir='ltr'><strong>orote,</strong></span> <span class='ocrx_word' id='word_1_173' title='bbox 752 4009 883 4059; x_wconf 78' lang='lat' dir='ltr'><strong>ibid.</strong></span> 
     </span>
    </p>

    <p class='ocr_par' dir='ltr' id='par_1_8' title="bbox 440 4096 1295 4163">
     <span class='ocr_line' id='line_1_27' title="bbox 440 4096 1295 4163; baseline 0.006 -17"><span class='ocrx_word' id='word_1_174' title='bbox 440 4097 511 4163; x_wconf 87' lang='lat'><strong>(3)</strong></span> <span class='ocrx_word' id='word_1_175' title='bbox 539 4096 678 4148; x_wconf 84' lang='lat' dir='ltr'><strong>Vide</strong></span> <span class='ocrx_word' id='word_1_176' title='bbox 706 4098 895 4159; x_wconf 85' lang='lat' dir='ltr'><strong>Zeller,</strong></span> <span class='ocrx_word' id='word_1_177' title='bbox 930 4103 965 4149; x_wconf 89' lang='lat' dir='ltr'><strong>t.</strong></span> <span class='ocrx_word' id='word_1_178' title='bbox 999 4098 1070 4160; x_wconf 89' lang='lat'><strong>11,</strong></span> <span class='ocrx_word' id='word_1_179' title='bbox 1105 4116 1155 4163; x_wconf 88' lang='lat' dir='ltr'><strong>p.</strong></span> <span class='ocrx_word' id='word_1_180' title='bbox 1187 4099 1295 4152; x_wconf 73' lang='lat'>²281.</span> 
     </span>
    </p>

    <p class='ocr_par' dir='ltr' id='par_1_9' title="bbox 376 4185 2512 4341">
     <span class='ocr_line' id='line_1_28' title="bbox 441 4185 2512 4250; baseline 0 -15"><span class='ocrx_word' id='word_1_181' title='bbox 441 4187 511 4248; x_wconf 79' lang='lat'><strong>(4)</strong></span> <span class='ocrx_word' id='word_1_182' title='bbox 538 4185 725 4248; x_wconf 67' lang='lat' dir='ltr'><strong>Mont„</strong></span> <span class='ocrx_word' id='word_1_183' title='bbox 757 4188 961 4239; x_wconf 74' lang='grc' dir='ltr'><strong>Εςεαίε.</strong></span> <span class='ocrx_word' id='word_1_184' title='bbox 1011 4187 1085 4240; x_wconf 83' lang='grc' dir='ltr'><strong>Π,</strong></span> <span class='ocrx_word' id='word_1_185' title='bbox 1127 4203 1213 4250; x_wconf 87' lang='lat' dir='ltr'><strong>v1‚</strong></span> <span class='ocrx_word' id='word_1_186' title='bbox 1250 4202 1343 4238; x_wconf 84' lang='lat' dir='ltr'><strong>xn.</strong></span> <span class='ocrx_word' id='word_1_187' title='bbox 1376 4217 1435 4225; x_wconf 93' lang='lat'><strong>—</strong></span> <span class='ocrx_word' id='word_1_188' title='bbox 1464 4187 1606 4248; x_wconf 88' lang='lat' dir='ltr'><strong>Cic.,</strong></span> <span class='ocrx_word' id='word_1_189' title='bbox 1644 4190 1711 4237; x_wconf 86' lang='lat' dir='ltr'><strong>De</strong></span> <span class='ocrx_word' id='word_1_190' title='bbox 1749 4190 1862 4237; x_wconf 73' lang='lat' dir='ltr'><strong>Fin.</strong></span> <span class='ocrx_word' id='word_1_191' title='bbox 1890 4226 1901 4248; x_wconf 94' lang='lat'>‚</span> <span class='ocrx_word' id='word_1_192' title='bbox 1938 4186 1999 4247; x_wconf 84' lang='lat' dir='ltr'><strong>V,</strong></span> <span class='ocrx_word' id='word_1_193' title='bbox 2040 4187 2128 4244; x_wconf 80' lang='lat'><strong>29,</strong></span> <span class='ocrx_word' id='word_1_194' title='bbox 2172 4188 2310 4236; x_wconf 85' lang='lat' dir='ltr'><strong>iilam</strong></span> <span class='ocrx_word' id='word_1_195' title='bbox 2344 4188 2512 4242; x_wconf 81' lang='lat' dir='ltr'><strong>histo·</strong></span> 
     </span>
     <span class='ocr_line' id='line_1_29' title="bbox 376 4275 2099 4341; baseline 0.002 -17"><span class='ocrx_word' id='word_1_196' title='bbox 376 4277 512 4326; x_wconf 86' lang='lat' dir='ltr'><strong>riam</strong></span> <span class='ocrx_word' id='word_1_197' title='bbox 543 4289 639 4339; x_wconf 86' lang='lat' dir='ltr'><strong>pro</strong></span> <span class='ocrx_word' id='word_1_198' title='bbox 666 4291 790 4327; x_wconf 86' lang='lat' dir='ltr'><strong>vera</strong></span> <span class='ocrx_word' id='word_1_199' title='bbox 819 4278 1104 4341; x_wconf 84' lang='lat' dir='ltr'><strong>accipiunt.</strong></span> <span class='ocrx_word' id='word_1_200' title='bbox 1145 4275 1276 4328; x_wconf 87' lang='lat' dir='ltr'><strong>Vide</strong></span> <span class='ocrx_word' id='word_1_201' title='bbox 1304 4287 1488 4328; x_wconf 74' lang='lat' dir='ltr'><strong>contra</strong></span> <span class='ocrx_word' id='word_1_202' title='bbox 1514 4277 1703 4339; x_wconf 78' lang='lat' dir='ltr'><strong>Zetlcr,</strong></span> <span class='ocrx_word' id='word_1_203' title='bbox 1739 4285 1774 4325; x_wconf 85' lang='lat' dir='ltr'><strong>t.</strong></span> <span class='ocrx_word' id='word_1_204' title='bbox 1810 4276 1877 4335; x_wconf 86' lang='lat'><strong>11,</strong></span> <span class='ocrx_word' id='word_1_205' title='bbox 1913 4292 1960 4338; x_wconf 84' lang='lat' dir='ltr'><strong>p.</strong></span> <span class='ocrx_word' id='word_1_206' title='bbox 1993 4276 2099 4328; x_wconf 66' lang='lat'><strong>254.</strong></span> 
     </span>
    </p>
   </div>
  </div>
 </body>
</html>
