3125 4959
267 1164 392 1217 Prol.
429 1169 506 1213 12.
528 1149 535 1155 ’

262 1785 387 1836 Prol.
428 1792 502 1836 13.

263 2539 386 2591 Prol.
425 2549 502 2597 18.

263 2776 389 2827 Prol.
427 2783 503 2829 17.

1589 517 1868 580 ...2-

759 657 914 744 Qua
959 663 1198 729 mente
1241 656 1465 729 libros
1511 674 1685 730 suos
1725 655 2206 747 composuerit
2243 673 2530 746 quaque
2575 673 2791 727 causa

657 784 916 855 Noctes
942 779 1214 851 Atticas
1251 780 1702 872 inscripserit
1736 780 2005 852 Gellius
2036 779 2192 871 ipse
2230 781 2304 850 in
2346 779 2641 870 Epilogo
2681 779 2788 851 vel

658 909 958 999 Prologo
1007 904 1373 979 indicavit.
1428 906 1585 979 Non
1651 905 1725 978 id
1785 905 1923 977 sibi
1979 904 2353 996 proposuit
2406 911 2485 976 ut
2538 912 2792 976 cuncta

657 1025 1119 1125 pertractaret
1159 1050 1243 1103 ac
1276 1039 1459 1104 totas
1503 1050 1615 1103 res
1658 1032 2118 1122 explanaret,
2158 1038 2232 1102 at
2270 1037 2517 1102 contra
2557 1028 2788 1120 quod·

601 1186 605 1190 ·
657 1158 823 1230 dam
877 1158 1211 1230 Heracliti
1269 1155 1564 1227 verbum
1618 1155 1824 1227 cordi
1864 1154 2161 1236 habeus,
2218 1175 2492 1224 summe
2545 1151 2790 1223 nobilis

657 1281 842 1364 viri,
892 1300 1117 1374 pauca
1170 1300 1355 1371 quae
1408 1282 1690 1352 animos
1741 1279 2131 1352 excitarent
2183 1285 2253 1351 et
2309 1277 2411 1349 ad
2469 1277 2789 1350 honestae

653 1404 1074 1476 eruditionis
1123 1404 1531 1495 cupidinem
1596 1404 2011 1496 utiliumque
2057 1403 2323 1473 artium
2366 1402 2787 1495 contempla-

658 1528 916 1599 tionem
946 1528 1162 1600 celeri
1186 1527 1526 1622 facilique
1552 1528 1965 1620 compendio
1992 1527 2349 1612 ducerent,
2384 1527 2621 1619 elegit.
2663 1529 2786 1599 Sa-

655 1656 749 1727 tis
815 1655 921 1725 illi
978 1654 1114 1726 fuit
1162 1652 1535 1745 primitias
1599 1652 1945 1746 quasdam
2012 1662 2080 1726 et
2139 1655 2346 1746 quasi
2411 1651 2790 1723 libamenta

653 1780 1130 1870 inqenuarum
1177 1778 1451 1848 artium
1490 1797 1932 1870 expromere.
1978 1780 2133 1851 Non
2186 1779 2597 1870 philosophi
2639 1798 2784 1850 ma-

653 1906 760 1996 gis
839 1923 1052 1995 quam
1134 1903 1575 1995 grammatici
1654 1904 1759 1975 vel
1829 1904 2326 1994 jurisconsulti
2404 1922 2781 1994 personam

652 2027 932 2102 affectat
971 2047 1103 2101 nec
1140 2046 1421 2119 semper
1469 2046 1633 2100 vera
1672 2037 1740 2100 et
1784 2037 1972 2101 certa
2010 2047 2089 2099 se
2129 2028 2444 2101 edidisse
2487 2027 2778 2120 profite-

653 2164 793 2236 tur,
839 2154 1107 2246 quippe
1145 2172 1302 2225 cum
1336 2172 1573 2226 errare
1613 2154 1933 2245 potuisse
1975 2171 2051 2224 se
2090 2171 2234 2225 non
2277 2161 2509 2244 neget,
2555 2159 2783 2243 rogat·

653 2298 793 2371 que
843 2280 903 2351 si
946 2279 1122 2370 quid
1170 2278 1841 2369 reprehendendum
1882 2278 2245 2358 videatur,
2295 2278 2601 2378 uthona
2640 2275 2783 2349 fide

654 2406 951 2477 lectores
1001 2403 1326 2493 judicent
1381 2412 1451 2476 et
1512 2403 1825 2473 rationes
1884 2425 2136 2473 rerum
2197 2401 2782 2494 auctoritatesque

650 2528 1019 2598 hominum
1073 2527 1409 2620 pensitent
1471 2547 1653 2619 quos
1712 2536 1998 2602 secutus
2058 2535 2167 2601 est
2238 2526 2365 2621 (1).
2430 2528 2780 2599 Uniuscu-

648 2656 911 2745 jusque
977 2654 1266 2728 demum
1332 2655 1913 2736 meditationem,
1974 2675 2114 2722 ‘non
2177 2651 2480 2723 docendo
2548 2657 2780 2743 maqis

651 2800 867 2871 quam
905 2777 1370 2861 admoueudO,
1417 2779 1651 2851 excire
1691 2777 1915 2851 voluit
1958 2774 2088 2872 (2).

750 2902 1192 2975 Eruditionis
1247 2922 1487 2976 amore
1535 2903 1842 2984 incitus,
1895 2921 2053 2975 cum
2104 2904 2251 2993 jam
2304 2902 2549 2993 viginti
2591 2898 2777 2974 com-

653 3027 1161 3100 mentariorum
1194 3026 1559 3098 volumina
1584 3025 2037 3116 vulgavisset,
2063 3025 2137 3096 in
2162 3026 2404 3097 animo
2435 3025 2770 3108 habebat,

645 3152 784 3221 diis
829 3151 998 3221 bene
1023 3149 1489 3242 juvantibus,
1534 3151 1880 3222 librorum
1923 3169 2303 3224 numerum
2353 3169 2610 3241 augere
2648 3170 2770 3235 ac,

647 3279 830 3350 sicut
870 3287 1115 3369 postea
1154 3279 1513 3351 Cartesius
1554 3284 1825 3360 noster,
1870 3283 2219 3368 quantum
2260 3275 2514 3349 fuisset
2547 3277 2772 3348 otium

644 3401 734 3473 ad
779 3403 1020 3475 studia
1057 3402 1373 3474 conferre
1411 3401 1813 3474 decreverat
1855 3426 1871 3472 ε
1919 3400 2113 3492 quod
2153 3401 2536 3473 consilium
2579 3419 2772 3472 mors

644 3528 1109 3619 intercepisse
1172 3527 1452 3599 videtur
1515 3524 1645 3621 (5).
1708 3528 1965 3600 Notare
2016 3528 2214 3617 juvat
2269 3527 2405 3599 hoc
2455 3526 2774 3599 hominis

707 3770 775 3833 (1)
812 3766 892 3818 Cf.
932 3766 1245 3818 Montanum
1283 3769 1371 3834 qui
1407 3769 1593 3817 multis
1628 3769 1682 3817 in
1712 3768 1843 3820 locis
1878 3766 2110 3818 Gellium
2147 3768 2388 3817 imitatus
2423 3774 2503 3817 est
2548 3785 2560 3815 ε
2607 3787 2631 3812 ιι
2671 3766 2773 3817 Les

642 3859 893 3909 histoires
920 3872 1019 3921 que
1049 3858 1394 3920 j'emprunte,
1424 3859 1476 3921 je
1505 3858 1582 3906 les
1618 3869 1856 3920 renvoye
1882 3870 1975 3906 sur
2001 3859 2052 3906 la
2079 3858 2395 3908 conscience
2423 3857 2490 3905 de
2518 3856 2675 3905 ceulx
2705 3856 2771 3904 de

644 3950 734 4011 qui
760 3948 813 4011 je
842 3950 919 3997 les
946 3961 1105 4011 prens
1131 3964 1155 3991 »
1189 3946 1399 4010 (Essai's,
1430 3948 1464 3998 l.
1503 3948 1544 4009 Ι,
1575 3961 1630 3997 c.
1661 3946 1792 4009 xxi).

710 4036 776 4098 (2)
805 4036 880 4089 ld.
905 4054 919 4084 :
945 4054 970 4081 «
990 4033 1075 4085 Me
1097 4040 1307 4085 sentant
1330 4041 1448 4099 trop
1472 4037 1576 4085 mal
1597 4037 1846 4086 instrulct
1866 4047 2001 4099 pour
2020 4036 2274 4086 instruire
2297 4036 2515 4097 aultruy
2540 4051 2564 4077 »
2597 4033 2768 4096 (ibim.

644 4140 694 4176 c.
723 4121 923 4187 XXV).
2571 4122 2580 4134 ¹
2671 4163 2676 4172 .

708 4215 775 4276 (3)
799 4212 1024 4265 Consule
1053 4212 1269 4276 Teuffel,
1301 4215 1429 4266 Hist.
1455 4217 1520 4266 de
1550 4215 1601 4266 la
1630 4215 1783 4267 litter.
1814 4229 1939 4266 rom.
1960 4252 1973 4276 ,
2008 4215 2143 4265 trad.
2175 4216 2241 4264 fr.
2264 4253 2276 4277 ,
2307 4218 2346 4265 t.
2377 4213 2486 4278 111,
2517 4229 2571 4278 p.
2603 4212 2682 4262 43.
2710 4236 2771 4250 --

643 4302 1044 4360 Friedlaender‚
1075 4306 1207 4354 Dies.
1239 4305 1378 4356 laud.
1399 4342 1412 4362 .
1445 4320 1494 4369 p.
1526 4303 1576 4356 7.
1608 4331 1666 4341 -
1696 4305 1795 4367 ld„
1829 4306 2010 4354 Hoeurs
2040 4303 2298 4354 romaines
2324 4303 2397 4354 du
2424 4290 2577 4365 reqvie
2607 4297 2770 4353 d'Au-
