3125 4959
332 779 384 823 Ι[-
420 795 456 823 ι-,
497 791 521 819 tn

300 1895 388 1943 U..
505 1911 565 1939 lt.

1566 484 1882 547 -12-

661 651 757 695 ma,
801 644 954 696 unm
1007 642 1136 696 suo
1178 631 1377 715 patre
1425 623 1514 694 ad
1555 642 1720 696 eum
1758 631 2074 696 venerat.
2123 626 2326 696 Patre
2363 625 2611 698 sedere
2644 625 2788 716 pri-

665 771 853 819 muni
893 751 1125 843 jussu,
1166 768 1324 821 cum
1361 757 1609 841 postea
1644 748 1851 819 aliud
1886 749 2098 820 sedile
2134 750 2284 842 filio
2320 752 2473 842 ejus
2510 750 2786 844 apposi-

661 883 805 943 tm
865 874 1036 967 fuit,
1092 875 1251 965 jura
1316 882 1590 967 patrum
1653 875 1970 967 filiorum
2023 876 2481 967 potestatibus
2536 876 2662 969 qui
2714 876 2790 944 in

665 1003 1093 1087 ministratu
1154 1008 1316 1071 sunt
1380 1002 1455 1073 in
1511 1002 1819 1093 puhlicis
1882 1003 2057 1074 locis
2115 1004 2488 1094 paululum
2543 1003 2790 1076 cedere

661 1127 779 1195 sut]
833 1131 901 1195 in
956 1126 1368 1198 domesticis
1419 1126 1632 1198 rebus
1683 1134 1750 1198 et
1805 1127 2097 1217 privatis
2154 1128 2460 1217 priorem
2516 1135 2785 1217 partem

665 1255 833 1339 patri
881 1250 1170 1323 concedi
1222 1269 1504 1343 semper
1549 1260 1875 1342 oportere
1923 1251 2315 1324 contendit.
2372 1255 2598 1338 Quam
2642 1270 2786 1324 rem

665 1379 929 1447 [stultius
966 1376 1278 1467 quodam
1319 1377 1645 1467 exemplo
1684 1396 1979 1449 romano
2019 1396 2057 1449 e
2096 1378 2540 1469 Quadrigarii
2587 1378 2789 1449 libris

665 1509 986 1591 [tarsu-pto
1037 1502 1436 1574 confirmat.
1491 1502 1844 1575 Censehat
1897 1503 2087 1574 enim
2141 1506 2413 1574 Taurus
2467 1502 2657 1594 apud
2714 1522 2789 1575 se

669 1631 1008 1715 [uitittum
1054 1627 1166 1698 his
1202 1627 1599 1699 honoribus
1647 1629 1749 1700 uti
1788 1647 1998 1718 posse
2031 1629 2482 1719 proconsulis
2518 1636 2790 1719 patrem

669 1755 929 1839 quihus
966 1769 1128 1822 eum
1169 1751 1363 1823 domi
1405 1753 1507 1824 uti
1550 1753 1853 1825 deceret.

785 1879 955 1947 'ttius
981 1930 997 1957 ,
1034 1884 1111 1948 ut
1150 1896 1190 1947 a
1234 1877 1736 1951 comoedorum
1780 1877 2137 1950 consortio
2178 1878 2467 1951 divitem
2515 1878 2793 1950 adoles-

669 2011 938 2071 rentum
1011 2002 1395 2075 deterreret
1459 2006 1776 2086 TauruS,
1848 2003 2060 2074 verba
2128 2005 2193 2075 ei
2263 2004 2458 2076 misit
2528 2004 2792 2094 quihus

669 2126 1077 2197 ,tf-mnteles
1118 2127 1303 2197 hanc
1342 2127 1694 2218 vituperat
1731 2127 2211 2209 sodalitatem,
2250 2129 2575 2219 quamvis
2617 2128 2795 2218 peri-

669 2252 984 2339 pals-ticis
1024 2269 1170 2322 non
1214 2250 1509 2322 omnino
1542 2253 2014 2324 assentiretur
2058 2250 2185 2345 (l).
2577 2237 2586 2241 ”

765 2383 909 2447 “mn
953 2384 1280 2448 nostrum
1335 2384 1444 2447 est
1500 2376 1688 2448 inter
1737 2395 1821 2448 ea
1872 2378 2115 2449 omnia
2170 2377 2549 2449 decernere
2609 2395 2793 2468 quae

669 2507 1067 2591 [minentem
1117 2504 1425 2573 Taurum
1483 2502 1835 2575 audiverit
1892 2504 1994 2575 vel
2052 2522 2089 2575 e
2147 2504 2431 2594 scriptis
2474 2504 2794 2576 hauserit

661 2631 929 2699 nultius
959 2682 976 2710 ,
1023 2627 1211 2717 qnod
1267 2627 1391 2698 alii
1440 2629 1586 2717 jam
1634 2628 2198 2719 explanaverunt
2245 2626 2371 2722 (2).
2421 2629 2790 2719 Proposito

665 2763 905 2823 tinstrn
964 2752 1139 2825 satis
1201 2756 1334 2824 erit
1387 2771 1745 2845 exponere
1803 2772 1985 2843 quae
2042 2755 2200 2844 ipse
2244 2754 2672 2845 judicaverit
2724 2763 2793 2826 et

661 2879 964 2951 senuerit
1012 2884 1080 2950 et
1125 2897 1266 2968 qua
1305 2880 1723 2951 auctoritate
1763 2878 1953 2969 apud
2000 2897 2158 2950 eum
2206 2879 2556 2951 valuerint
2595 2897 2793 2970 prae-

661 3015 1006 3091 rogatur-es.
1070 3007 1171 3075 Ex
1227 3004 1315 3076 iis
1371 3023 1558 3094 quae
1609 3004 2001 3077 retulimus
2038 3004 2277 3078 videre
2321 3013 2428 3077 est
2480 3008 2785 3077 Taurum

665 3131 793 3199 hun
829 3128 1024 3201 t·.·.nrdi
1055 3129 1396 3201 hahuisse
1438 3136 1514 3201 ut
1565 3129 1638 3199 in
1681 3128 2065 3220 disciplina
2104 3149 2234 3201 sua
2270 3130 2791 3203 demonstraret

661 3267 1014 3343 *pullenus
1055 3253 1240 3326 inter
1287 3272 1363 3326 se
1403 3253 1895 3325 consentirent
1941 3273 2021 3325 ac
2061 3253 2527 3327 dissentirent
2567 3256 2789 3346 plato-

665 3383 797 3447 nivi
837 3439 849 3455 .
897 3379 1335 3471 peripatetici
1399 3385 1467 3450 et
1518 3378 1765 3460 stoici,
1811 3397 1943 3450 nec
1998 3380 2193 3450 illam
2246 3378 2786 3469 disciplinarum

661 3507 1114 3576 sulm-tionem
1158 3504 1383 3576 Gellio
1414 3504 1745 3584 inutilem
1789 3503 2011 3575 fuisse
2047 3504 2430 3575 credimuS.
2472 3503 2581 3575 Illi
2615 3523 2789 3592 quo-

665 3655 797 3719 ιμω
841 3629 1193 3702 assentior
1231 3629 1355 3719 qui
1396 3627 1580 3700 dixit
1619 3647 1659 3698 a
1699 3629 2005 3700 Calvisio
2043 3631 2310 3711 Tauro,
2357 3636 2600 3719 utpote
2643 3629 2788 3718 pla-

669 3759 937 3827 trun-:ae
977 3753 1323 3835 cohortis,
1370 3771 1554 3844 quae
1594 3753 1753 3825 sola
1792 3771 1874 3825 eo
1916 3761 2235 3843 tempore
2273 3752 2790 3825 mathematicis

665 3883 948 3951 :nurture
1005 3878 1216 3950 solita
1268 3877 1587 3960 videtur,
1646 3877 1957 3968 pendere
2006 3897 2190 3968 quae
2242 3878 2433 3968 apud
2484 3877 2786 3949 Gellium

729 4211 737 4248 ·:
761 4211 789 4255 ι]
837 4199 963 4248 “iside
996 4214 1170 4263 supra.

757 4299 765 4335 ‚¹
825 4295 901 4339 t't‘.
934 4290 1129 4348 Rnskffi
1162 4303 1242 4353 op.
1276 4288 1384 4350 cit„
1418 4304 1469 4353 p.
1501 4289 1577 4350 52,
1616 4290 1690 4337 53,
1723 4315 1781 4323 —-
1816 4286 2089 4349 Mercklin‚
2120 4303 2203 4351 op.
2237 4290 2305 4337 cit
2334 4328 2343 4344 ,
2374 4302 2507 4351 pass.
