3125 4959
127 1228 177 1277 L.
209 1229 286 1290 VI,
317 1241 357 1278 c.
390 1242 457 1279 ln.

83 1735 130 1784 L.
165 1734 239 1796 w,
273 1748 315 1786 c.
346 1750 425 1797 m,
458 1741 503 1785 9.

137 1985 188 2033 L.
218 1984 293 2045 lv,
326 1999 365 2035 c.
400 2001 449 2036 v,

113 2114 162 2162 L.
194 2114 293 2176 XII,
326 2129 365 2165 c.
402 2130 472 2166 xz.

81 2365 131 2412 L.
164 2366 201 2424 1,
232 2378 275 2414 c.
305 2379 424 2426 xvn,
456 2372 501 2418 6.

82 2495 132 2546 L.
164 2494 321 2555 X1,c.
352 2501 501 2552 x1,1.

1432 446 1797 507 -106—

556 586 784 679 magis
822 603 1037 678 quam
1076 584 1493 677 philosophi
1537 601 1735 657 more
1787 584 2041 658 definit
2096 587 2475 677 variasque
2529 587 2697 677 ejus

551 711 825 803 species
865 710 1269 802 distinguit.
1316 712 1610 782 Frustra
1638 717 1878 783 tamen
1915 711 2110 803 apud
2148 731 2310 784 eum
2346 710 2696 784 sublimia

551 835 765 907 verba
817 836 1142 927 requires
1199 834 1465 925 quibus
1532 853 1888 907 summam
1957 837 2226 929 legem,
2281 836 2361 907 in
2418 841 2695 907 natura

551 958 892 1049 insitam,
938 959 1264 1051 depinxit
1303 960 1548 1033 Cicero
1596 957 1727 1054 (l).
2382 1043 2402 1056 ,

652 1088 756 1159 Ex
790 1087 1154 1158 voluntate
1189 1091 1259 1159 et
1294 1086 1572 1157 ratione
1607 1084 1702 1180 (2)
1744 1103 1978 1158 mores
2015 1094 2083 1160 et
2116 1086 2347 1159 officia
2374 1087 2694 1179 pendere

556 1229 806 1283 omnes
864 1211 1324 1284 consentiunt
1368 1235 1384 1280 ε
1429 1216 1502 1282 at
1555 1211 1827 1282 Gellius
1857 1266 1874 1294 ‚
1923 1212 2107 1284 sicut
2157 1212 2329 1284 Cato
2391 1213 2468 1284 in
2522 1230 2688 1283 ora-

557 1337 752 1408 tione
811 1355 940 1427 pro
1001 1335 1535 1442 Rhodiensibus
1602 1336 1849 1409 habita
1883 1392 1900 1420 ‚
1959 1339 2186 1410 solam
2249 1339 2691 1411 voluntatem

559 1479 775 1550 quam
814 1478 961 1532 non
1001 1461 1181 1533 facta
1220 1468 1626 1552 sequuntur
1665 1480 1808 1534 non
1851 1463 2295 1555 puniendam
2337 1481 2497 1536 esse
2531 1481 2697 1535 cen-

559 1604 716 1658 sere
781 1585 1060 1660 videtur
1112 1611 1128 1657 :
1186 1587 1381 1676 quod
1440 1587 1532 1659 ad
1582 1588 1702 1679 J'us
1763 1587 1967 1661 civile
2028 1595 2307 1661 tantum
2373 1594 2686 1679 spectat,

560 1712 828 1802 quippe
892 1729 1051 1782 cum
1120 1711 1382 1784 dixerit
1443 1713 1959 1804 poenitentiam
2023 1733 2197 1786 sane
2268 1713 2690 1786 voluntariis

558 1836 761 1909 factis
802 1836 1021 1929 gigni,
1067 1855 1147 1910 ac
1185 1839 1472 1929 saepius
1509 1838 1666 1911 fieri
1706 1846 1784 1911 ut
1813 1840 2082 1911 malum
2118 1838 2499 1912 consilium
2530 1856 2694 1929 poe-

561 1979 726 2032 nam
773 1961 885 2033 sui
935 1960 1196 2033 habeat
1238 1968 1306 2033 et
1351 1962 1732 2033 consultori
1765 1962 2154 2057 pessimum
2201 1964 2366 2046 fiat,
2409 1981 2491 2036 ac
2529 1980 2691 2053 pec-

560 2095 713 2159 cata
752 2086 1042 2179 quidem
1086 2094 1404 2179 tempore
1443 2088 1674 2179 detegi
1723 2086 1850 2183 (5).

658 2213 738 2283 In
801 2212 936 2284 hoc
987 2231 1028 2283 a
1078 2212 1320 2285 stoicis
1368 2212 1705 2286 dissentit
1754 2213 1946 2305 quod
1990 2214 2179 2285 inter
2225 2213 2449 2285 animi
2501 2214 2693 2284 mala

559 2337 822 2428 gradus
877 2337 1191 2410 admittit
1249 2337 1340 2431 (4)
1412 2362 1427 2409 :
1497 2365 1527 2402 ‹
1586 2338 1813 2419 Vitia,
1876 2338 2014 2421 ait,
2073 2338 2365 2430 flagitiis
2429 2336 2694 2410 leviora

559 2469 769 2545 sunt;
815 2462 1003 2535 inter
1031 2462 1483 2535 mendacium
1523 2462 1758 2536 dicere
1795 2469 1864 2535 et
1902 2463 2189 2535 mentiri
2227 2462 2444 2536 distat
2481 2459 2609 2555 (5).
2647 2488 2679 2525 ι

558 2585 777 2658 Addit
813 2585 991 2658 alias
1042 2586 1481 2660 differentias
1521 2606 1560 2660 e
1601 2588 1677 2658 P.
1722 2586 2006 2679 Nigidio
2045 2593 2415 2679 excerptas
2441 2640 2459 2670 ‚
2506 2603 2693 2677 quae

559 2729 809 2783 omnes
848 2711 939 2783 ad
994 2711 1069 2783 id
1120 2713 1445 2785 contrabi
1493 2720 1801 2805 possunt
1850 2712 2044 2803 quod
2097 2713 2399 2784 alterum
2441 2711 2692 2783 volun-

558 2836 860 2921 tarium,
902 2839 1203 2910 alterum
1264 2857 1410 2910 non
1465 2837 1949 2912 voluntarium
1991 2838 2127 2920 sit;
2181 2838 2477 2911 alterius
2522 2855 2692 2910 con-

559 2962 727 3045 scii,
771 2963 1066 3035 alterius
1107 2951 1253 3037 non
1286 2965 1550 3037 conscii
1589 2964 1846 3036 simus,

654 3089 808 3160 Non
865 3088 1127 3162 omittit
1171 3088 1442 3163 Gellius
1483 3090 1682 3161 illam
1721 3088 2292 3163 benevolentiam
2336 3095 2404 3161 et
2443 3089 2693 3161 carita-

620 3437 687 3500 (l)
718 3434 796 3487 Cf.
826 3433 955 3498 Cic„
985 3438 1053 3485 De
1078 3438 1206 3498 ιαμ,
1240 3435 1279 3494 Ι,
1308 3436 1367 3495 6;
1400 3436 1468 3485 De
1495 3437 1637 3499 Rep.,
1668 3435 1762 3493 ΙΙΙ,
1798 3435 1879 3493 17;
1916 3437 1979 3485 De
2009 3438 2136 3498 ιφ,
2170 3435 2235 3496 ΙΙ,
2268 3436 2313 3483 5.

621 3527 686 3590 (2)
713 3524 842 3588 Cic„
871 3526 938 3574 De
963 3526 1101 3587 Fin„
1135 3524 1234 3585 ΙΙΙ,
1262 3524 1318 3581 7;
1354 3528 1517 3588 Tusa„
1548 3526 1619 3585 ΙΙ,
1652 3525 1697 3576 7.

620 3619 685 3681 (3)
718 3614 797 3667 Cf.
828 3615 993 3666 Mont.
1029 3636 1039 3663 ε
1078 3637 1101 3659 «
1137 3615 1207 3664 La
1236 3617 1606 3666 meschancete
1651 3616 1888 3679 fabrique
1927 3617 2019 3665 des
2056 3621 2312 3667 torments
2348 3622 2530 3667 contre
2567 3630 2688 3679 soy‚

555 3719 763 3759 comme
805 3708 856 3755 la
895 3706 1120 3754 mouche
1154 3718 1353 3768 guespe
1390 3705 1581 3768 pieque
1625 3709 1676 3753 et
1719 3706 1918 3754 offense
1961 3706 2205 3768 aultruy,
2252 3706 2385 3754 mais
2427 3706 2547 3769 plus
2588 3718 2690 3766 soy

556 3812 781 3860 mesme,
809 3810 901 3847 car
928 3795 1028 3845 elle
1055 3809 1095 3857 y
1124 3794 1252 3858 perd
1284 3808 1379 3844 son
1411 3794 1667 3858 aiguillon
1698 3798 1747 3843 et
1779 3809 1837 3844 sa
1867 3795 2012 3845 force
2036 3781 2176 3858 'pour
2200 3795 2388 3858 jamnis
2413 3813 2438 3839 ³>
2468 3795 2686 3858 (Essais,

556 3890 591 3937 l.
623 3889 694 3951 Il,
722 3902 770 3941 c.
802 3889 876 3952 v).

623 3978 690 4041 (4)
714 3977 877 4027 Mont.
910 3995 921 4025 ε
949 3995 973 4021 «
1004 3975 1104 4025 Les
1132 3975 1275 4026 vices
1298 3979 1418 4024 sont
1446 3977 1590 4023 touts
1618 3974 1810 4037 pareils
1841 3987 1907 4023 en
1936 3988 1997 4024 ce
2024 3972 2178 4037 qu’ils
2206 3979 2327 4024 sont
2356 3977 2497 4026 touts
2520 3975 2685 4036 vices,

558 4073 612 4119 et
649 4069 714 4118 de
751 4073 888 4118 cette
923 4068 1076 4130 facon
1114 4065 1437 4115 l'entendent
1468 4066 1498 4113 ὲ
1531 4064 1859 4115 l'adventure
1887 4066 1964 4114 les
1993 4065 2271 4125 stoiciens;
2303 4066 2436 4115 mais
2468 4078 2689 4115 encores

560 4158 718 4223 qu'ils
741 4160 932 4220 soyont
951 4156 1280 4221 egualement
1303 4156 1465 4216 vices,
1490 4154 1559 4205 ils
1580 4168 1645 4204 ne
1666 4159 1788 4205 sont
1805 4169 1901 4220 pas
1918 4156 2062 4206 vices
2085 4169 2291 4220 eguaux
2312 4174 2336 4200 n
2360 4157 2417 4220 (1.
2444 4153 2513 4216 11,
2536 4168 2583 4205 c.
2607 4156 2684 4218 n).

619 4248 686 4315 (5)
713 4246 897 4308 Mont„
931 4249 966 4297 l.
999 4246 1042 4311 1,
1074 4247 1158 4297 ch.
1189 4260 1261 4296 11.
