3125 4959
1536 416 1856 476 -74-

633 555 807 637 dor,
871 555 1215 645 pallorem
1277 554 1495 625 timor
1565 554 1793 645 gignit
1856 553 1994 647 (l);
2068 557 2289 646 hujus
2361 556 2462 630 rei
2530 556 2780 628 causis

633 698 819 771 quae
863 679 1223 752 Aristoteli
1287 680 1619 753 videntur
1670 682 1960 762 relatis,
2012 680 2258 772 adjicit
2295 683 2568 754 Gellius
2607 701 2775 754 cum

635 805 974 897 magistro
1015 824 1146 876 suo
1206 824 1368 877 eum
1423 824 1566 876 non
1618 807 1945 878 ultimam
2001 825 2287 877 causam
2330 808 2605 879 dixisse
2646 827 2780 879 cur

636 931 929 1023 sanguis
958 932 1066 1003 vel
1107 930 1554 1003 diffundatur
1595 933 1698 1004 vel
1743 933 2248 1015 contrahatur;
2295 933 2540 1023 itaque
2575 934 2778 1003 altis·

638 1057 858 1128 simas
913 1075 1205 1136 causas,
1266 1056 1458 1146 quod
1515 1065 1623 1129 est
1678 1076 1837 1129 vere
1897 1058 2362 1148 philosophi,
2404 1057 2773 1130 interdum

185 1190 557 1254 1,.xrx,e.v1.
640 1181 1082 1271 quaesivisse
1122 1200 1283 1253 eum
1327 1188 1632 1253 constat.

736 1305 844 1378 Ad
883 1306 1281 1380 naturalem
1316 1306 1857 1398 philosophiam
1902 1308 2191 1398 proprie
2224 1314 2550 1398 spectant
2587 1324 2777 1397 quae

639 1438 1042 1521 sequuntur
1097 1455 1114 1502 ε
1170 1431 1353 1504 dixit
1400 1431 1821 1504 Aristoteles
1876 1430 2250 1501 mulierem
2308 1432 2387 1500 in
2447 1429 2778 1523 AE’qypeo

637 1578 775 1625 uno
806 1561 1036 1648 partu
1069 1556 1371 1650 quinque
1387 1577 1657 1652 pueros
1689 1556 2011 1639 enimam,
2050 1579 2347 1651 eumque
2382 1579 2525 1626 6336
2552 1556 2777 1646 finem

638 1679 1063 1773 multijuyae
1094 1681 1464 1752 hominum
1496 1681 1874 1777 panionia,
1917 1669 2141 1776 vaeque
2171 1682 2421 1775 plures
2454 1705 2778 1775 unquam

637 1805 856 1876 simul
885 1806 1154 1897 yenitos
1189 1814 1660 1899 compertum,
1704 1807 1893 1878 hunc
1925 1813 2162 1877 autem
2203 1828 2600 1879 numerum
2637 1828 2780 1876 6336

223 1951 271 2004 ι.
305 1952 358 2015 x,
396 1967 437 2004 c.
469 1970 520 2006 ιι.
639 1931 1121 2002 rarissimum.
1164 1932 1383 2006 Addit
1419 1933 1691 2007 Gellius
1735 1933 2061 2005 Caesaris
2102 1933 2404 2024 Augusti
2438 1931 2776 2004 ancillam

186 2070 236 2118 1,.
271 2070 325 2133 x,
360 2081 558 2134 e.11,2.
641 2076 785 2130 uno
836 2063 1040 2149 partu
1099 2056 1423 2149 quinque
1483 2076 1744 2150 pueros
1802 2057 2159 2140 edidisse,
2215 2057 2343 2130 sed
2393 2059 2655 2148 puer'os
2710 2064 2783 2128 et

643 2184 835 2255 illam
893 2201 1039 2255 non
1097 2183 1320 2256 multo
1371 2189 1534 2273 post
1589 2190 1938 2254 mortuos,
2011 2185 2084 2254 ln
2148 2183 2331 2255 libro
2381 2183 2471 2254 de
2517 2201 2779 2254 somno

641 2308 741 2381 ait
771 2308 958 2381 idem
989 2307 1407 2381 Aristoteles
1440 2314 1693 2380 cuncta
1723 2307 2067 2379 animalia
2087 2315 2276 2380 tactu
2297 2314 2365 2380 et
2394 2315 2607 2399 gustu
2643 2303 2775 2400 (2),

73 2517 80 2526 ‚
161 2450 398 2514 1„v1‚c.
433 2469 505 2515 w,
538 2463 581 2508 2.
645 2435 785 2507 nisi
826 2434 973 2507 sint
1009 2434 1457 2526 imperfecta,
1497 2452 1657 2507 esse
1691 2434 2042 2525 praedita.

742 2559 947 2645 Quod
996 2559 1085 2631 ad
1138 2558 1432 2651 logicam
1477 2559 1770 2643 attinet,
1815 2561 1927 2631 cui
1961 2559 2233 2631 Gellius
2262 2614 2278 2641 ‚
2326 2565 2573 2649 utpote
2609 2558 2775 2628 rhe-

647 2692 876 2756 torum
939 2683 1312 2756 familiaris
1366 2693 1435 2757 et
1480 2684 2096 2767 academicorum,
2158 2683 2446 2755 studere
2485 2682 2775 2762 debuit,

650 2808 1154 2882 aristotelicam
1215 2808 1613 2901 syllogismi
1671 2808 2167 2881 definitionem
2210 2809 2314 2879 sic
2350 2805 2443 2878 ad
2486 2806 2778 2878 verbum

162 2957 213 3008 L.
247 2958 342 3019 xv,
373 2973 414 3010 e.
448 2975 568 3011 xm
645 2952 867 3026 prope
916 2933 1124 3006 vertit
1176 2959 1192 3007 ε
1252 2960 1283 2998 ‹
1333 2934 1808 3026 syllogismus
1849 2941 1955 3006 est
1994 2934 2221 3006 oratio
2262 2934 2336 3003 in
2379 2951 2568 3028 qua,
2614 2950 2782 3003 con-

651 3059 886 3133 sensis
947 3058 1385 3151 quihusdam
1454 3067 1521 3131 et
1582 3060 1986 3143 concessis,
2064 3058 2259 3129 aliud
2319 3057 2493 3149 quid
2560 3075 2775 3146 quam

650 3203 832 3275 quae
874 3203 1213 3258 concessa
1257 3191 1465 3266 sunt,
1506 3202 1635 3275 per
1670 3202 1753 3255 ea
1791 3202 1975 3274 quae
2015 3201 2354 3254 concessa
2392 3189 2611 3263 sunt,
2657 3199 2778 3251 ne-

648 3309 955 3384 cessario
998 3309 1395 3383 conficitur.
1445 3289 1484 3372 ί
1529 3307 1734 3395 Quod
1780 3308 1872 3379 ad
1916 3326 2195 3397 mores,
2240 3307 2416 3378 haec
2450 3305 2778 3396 quaestio

193 3459 242 3511 rr.
277 3459 381 3523 xx,
413 3475 455 3511 e.
486 3477 551 3516 ιν.
644 3441 1078 3507 memoratur
1122 3458 1138 3503 :
1185 3452 1307 3505 cur
1343 3432 1392 3502 ii
1434 3433 1557 3524 qui
1600 3432 1846 3505 Bacchi
1896 3440 2082 3504 artes
2121 3433 2363 3503 colunt
2403 3431 2587 3503 male
2630 3431 2781 3501 sint

644 3557 950 3630 famosi?
989 3576 1079 3629 an
1125 3559 1296 3648 quia
1330 3557 1628 3629 minime
1662 3556 1921 3628 rationi
1961 3564 2031 3628 et
2071 3555 2573 3646 philosophiae
2627 3563 2779 3628 stu-

652 3681 870 3755 dent?
905 3702 995 3754 an
1038 3683 1231 3773 quod
1269 3690 1571 3756 aetatem
1614 3682 1690 3754 in
1742 3681 2230 3773 voluptatibus
2270 3672 2491 3773 ag'uut
2528 3690 2597 3753 et
2648 3680 2782 3752 ali-

701 4045 769 4111 (l)
799 4044 962 4095 Mont.
999 4064 1010 4093 ι
1050 4064 1073 4090 «
1104 4043 1146 4092 Il
1176 4015 1330 4107 paslit
1359 4057 1388 4090 a
1416 4044 1467 4092 la
1493 4056 1642 4106 peur,
1676 4043 1711 4091 il
1745 4043 1928 4104 rougit
1958 4044 1988 4090 a
2017 4043 2066 4090 la
2096 4043 2256 4092 honte
2290 4059 2316 4087 n
2342 4042 2396 4107 (l.
2430 4041 2498 4101 ΙΙ,
2532 4055 2579 4091 c.
2610 4043 2683 4103 ιι).

702 4136 771 4200 (2)
798 4133 879 4185 Cf.
911 4135 978 4184 Α.
1011 4133 1290 4193 Lemoine,
1320 4131 1485 4184 dee
1513 4139 1556 4182 et
1591 4132 1635 4181 le
1666 4145 1839 4196 σαφῆ
1876 4131 2116 4195 Apoloqie
2143 4134 2223 4182 des
2250 4146 2397 4190 sena,
2431 4148 2480 4196 p.
2518 4131 2631 4193 115,
2672 4132 2779 4183 117.

647 4251 708 4265 --—
738 4222 967 4274 Hei-bert
989 4221 1240 4285 Spencer,
1268 4222 1446 4272 Princ.
1473 4222 1532 4270 dc
1561 4221 1753 4285 psych„
1780 4226 1816 4268 t.
1850 4219 1888 4269 1.
