3125 4959
196 1058 246 1108 L.
278 1056 379 1115 xn,
410 1067 453 1107 c.
479 1068 548 1110 xi.
577 1057 623 1100 1.

200 1930 252 1982 L.
279 1928 381 1990 ΧΠ,
411 1939 454 1977 e.
482 1939 550 1986 xi,
581 1928 625 1973 3.

201 2681 252 2731 L.
278 2677 379 2738 ΧΠ,
412 2689 454 2728 c.
483 2690 552 2736 xr,
579 2680 626 2724 1.

1586 515 1903 579 ...30-

1388 781 1456 848 5⁰
1508 777 1620 849 De
1674 776 2105 869 Pereyow'nO.

793 1031 850 1102 Α
908 1030 1289 1120 peregrino
1314 1085 1331 1113 ,
1389 1028 1545 1098 viro
1599 1027 1824 1119 yram*
1871 1035 2080 1122 atque
2137 1029 2522 1112 constanti,
2587 1030 2833 1102 multa

678 1154 907 1225 hercle
963 1155 1051 1227 de
1107 1155 1248 1226 vita
1300 1154 1485 1226 bene
1539 1154 1815 1245 agenda
1862 1154 2127 1226 utiliter
2178 1159 2270 1224 et?
2291 1154 2569 1224 honeste
2630 1155 2831 1227 dicta

683 1280 983 1353 Athenis
1033 1279 1736 1370 saepius-audivisse
1786 1298 1862 1351 se
1915 1279 2014 1351 ait
2063 1281 2333 1352 Gellius
2380 1278 2510 1375 (l).
2555 1283 2701 1352 Hoc
2736 1281 2828 1352 in

681 1405 934 1496 primis
986 1404 1258 1476 refert:
1317 1431 1349 1468 ι
1395 1404 1642 1475 Virum
1705 1404 2100 1494 sapientem
2161 1423 2305 1476 non
2367 1411 2830 1494 peccaturum

681 1529 964 1601 etiamsi
1004 1547 1353 1618 peccasse
1410 1547 1570 1600 eum
1628 1528 1727 1600 dii
1770 1536 1985 1619 atque
2040 1529 2369 1600 homines
2423 1528 2829 1619 ignoraturi

682 1653 957 1748 forent,
1017 1680 1048 1717 ι·
1108 1653 1301 1743 quod
1354 1673 1515 1724 eum
1563 1653 1954 1728 Carneadis
2007 1661 2077 1725 et
2129 1654 2368 1725 Kantii
2419 1654 2828 1744 praeceptis

684 1777 1033 1869 congruit.
1091 1777 1446 1851 Censebat
1498 1779 1690 1850 enim
1743 1779 1863 1850 ille
1897 1777 2089 1869 justi
2146 1777 2544 1871 honestique
2602 1778 2829 1849 studio

683 1907 753 1973 et
801 1899 1037 1993 officio
1095 1909 1281 1975 recte
1336 1902 1779 1984 faciendum,
1826 1903 1984 1974 non‘
2015 1924 2290 1995 poenae
2340 1902 2831 1996 infamiaeque

682 2033 915 2111 metu,
988 2027 1514 2118 adJiciebatque
1580 2028 1670 2099 ad
1740 2029 2178 2118 peccandum
2250 2029 2596 2118 proclives
2662 2048 2829 2101 esse

682 2172 805 2226 eos
847 2154 969 2243 qui
1016 2152 1513 2225 tantummodo
1557 2152 1971 2225 metuebant
2013 2155 2251 2225 nenon
2296 2153 2503 2243 culpa
2541 2151 2820 2235 lateret,

682 2297 814 2351 nec
855 2297 982 2369 pro
1023 2284 1212 2350 certo
1254 2278 1622 2350 habebant
1658 2279 1902 2349 omnia
1939 2279 2283 2368 Tempore
2312 2253 2572 2368 detegi.

781 2404 912 2473 Hic
977 2401 1457 2492 Peregrinus,
1520 2403 1724 2491 cujus
1790 2410 1934 2474 tam
1990 2403 2294 2474 honesta
2363 2401 2444 2474 fit
2511 2402 2817 2485 mentm,

684 2535 973 2619 propter
1011 2526 1521 2618 philosophiae
1578 2527 1903 2618 vitaeque
1954 2527 2429 2609 mutationes,
2487 2546 2668 2617 quas
2723 2528 2825 2598 le-

684 2653 851 2745 pide
904 2654 1320 2726 memoravit
1375 2653 1733 2725 Lucienus
1794 2650 1930 2746 (2),
1988 2650 2333 2734 Ρνοίεαε,
2391 2660 2467 2725 ut
2515 2654 2614 2724 ait
2668 2653 2827 2742 ipse

685 2778 996 2861 GelliuS,
1060 2778 1463 2869 appellatus
1530 2786 1640 2850 est
1697 2803 1713 2849 ε
1769 2779 1963 2850 illam
2030 2785 2264 2851 tamen
2324 2778 2823 2850 admirabilem

685 2922 843 2976 esse
884 2904 1316 2975 sententiam
1360 2903 1562 2975 lateri
1606 2922 1897 2976 necesse
1937 2912 2080 2987 est,
2127 2904 2562 2994 dignamque
2601 2905 2825 2975 chris·
2915 2997 2922 3004 ·

684 3027 879 3099 tiana
935 3026 1321 3118 disciplina
1378 3028 1581 3118 cujus
1641 3028 2166 3120 aliquantisper
2215 3029 2445 3102 fuerat
2497 3028 2618 3100 ille
2678 3047 2826 3101 sec·

683 3159 895 3224 tator.

782 3277 861 3348 In
904 3277 1134 3349 titulis
1183 3278 1395 3349 etiam
1451 3279 1673 3349 octavi
1730 3278 1892 3349 libri
1951 3278 2212 3350 dicitur
2272 3279 2361 3350 ab
2412 3278 2661 3350 eodem
2722 3297 2828 3350 re-

683 3402 1119 3492 prehensum
1178 3400 1403 3473 fuisse
1458 3420 1833 3474 romanum
1887 3402 2452 3485 adolescentem,
2506 3403 2822 3493 equestri

684 3524 953 3596 familia
995 3532 1260 3605 ortum,
1306 3525 1497 3614 quod
1534 3526 1847 3617 segniter
1887 3535 1955 3599 et
1992 3527 2272 3599 assidue
2299 3526 2598 3599 oscitans
2626 3527 2826 3599 audi-

685 3654 817 3719 ret.
864 3649 1058 3732 Quae
1098 3647 1395 3720 forsitan
1443 3650 1864 3740 vituperatio
1905 3653 2315 3742 superbiam
2356 3653 2583 3724 solam
2621 3653 2827 3724 Pere-

686 3772 918 3864 grini,
986 3791 1202 3862 quam
1270 3772 1436 3845 finis
1505 3773 1719 3846 etiam
1792 3776 1969 3847 vitae
2035 3777 2210 3848 satis
2278 3776 2607 3868 probavit
2676 3772 2821 3869 (5),

758 4041 824 4105 (l)
853 4038 934 4091 Cf.
965 4039 1164 4101 Ruske‚
1196 4056 1247 4104 p.
1275 4040 1350 4093 49.
1388 4068 1447 4077 —
1474 4040 1861 4100 Friedlaender‚
1894 4057 1944 4106 p.
1981 4042 2087 4093 146.

752 4128 821 4192 (Ἰ)
858 4129 1091 4191 Luciam,
1123 4131 1189 4179 De
1216 4137 1371 4181 morte
1400 4131 1697 4193 Pereqrini3
1729 4132 1918 4193 Pupil„
1955 4132 1995 4190 l,
2025 4132 2086 4194 23
2121 4132 2348 4194 Damon„
2374 4131 2430 4181 ‘21
2456 4156 2467 4190 ;
2499 4133 2710 4194 Indoot„
2751 4133 2827 4185 14.

755 4218 820 4280 (3)
849 4216 928 4269 Cf.
965 4219 1204 4275 Lucian„
1238 4220 1367 4268 ibid.
1393 4246 1451 4257 --
1481 4217 1666 4280 Mont„
1697 4220 1763 4269 De
1789 4229 1948 4272 morte
1978 4221 2168 4273 Catani
2194 4222 2651 4287 yymnosophistae,
2681 4224 2721 4273 l.
2756 4224 2825 4282 11,

690 4320 738 4357 c.
772 4319 920 4355 xxrx.
