3125 4959
1191 486 1556 553 '--11-

325 629 540 702 solvit
579 598 882 712 Taurus,
919 647 1140 721 puero
1180 629 1610 701 adventante
1649 646 1808 700 cum
1849 628 2006 701 oleo
2047 627 2240 719 quod
2280 647 2464 719 errip-a

327 760 481 826 tum
518 754 742 827 iverat
781 761 849 826 et
888 754 1023 826 sub
1058 754 1299 845 judice
1331 753 1598 844 linquit
1636 752 1792 844 ipse
1833 752 2130 825 Gellius.

428 878 568 950 Nec
588 879 792 950 illum
832 878 1164 951 taedebat
1190 878 1668 969 captiosarum
1700 877 2232 968 quaestionum.
2264 879 2312 947 ll
2332 899 2364 947 u
2384 899 2464 947 nr.

331 1002 521 1075 enim
581 1003 990 1078 instituerat
1044 1022 1312 1075 morem
1364 1011 1441 1075 ut
1495 1003 1747 1086 amici,
1792 1021 1951 1074 cum
1995 1002 2187 1093 apud
2228 1007 2460 1095 ipsum

334 1137 697 1221 cenarem,
734 1128 1084 1219 quaedam
1128 1135 1547 1221 praeparata
1586 1134 2033 1222 argumenta,
2072 1129 2320 1226 necdn
2364 1151 2460 1199 ευ.-

335 1253 460 1325 riis
506 1261 573 1326 et
612 1253 954 1345 gravibus
992 1254 1118 1326 sed
1158 1253 1407 1347 lepidis
1447 1232 1515 1325 et
1541 1251 1838 1324 minutis
1872 1251 2078 1322 rebus
2116 1255 2420 1343 comptis-lsi

332 1384 527 1462 rent,
586 1382 788 1470 cujus
829 1379 1109 1470 generis
1149 1380 1285 1451 hoc
1333 1379 1543 1451 refert
1585 1379 1853 1451 Gellius
1901 1403 1933 1449 ι·
1963 1377 2460 1469 disputati-illu·

333 1503 624 1594 quando
663 1508 967 1572 moriens
989 1509 1422 1586 moreretur,
1456 1510 1697 1575 utrum
1731 1523 1893 1572 cum
1910 1501 2084 1593 J'am
2123 1500 2199 1569 in
2236 1507 2464 1567 inmisi

331 1634 499 1697 esset
535 1649 631 1698 an
680 1633 829 1697 tum
865 1628 1077 1698 etiam
1115 1649 1278 1699 cum
1317 1630 1397 1700 in
1437 1627 1587 1699 vita
1622 1627 1807 1722 foret
1846 1635 1914 1701 et
1953 1628 2093 1698 alia
2128 1628 2460 1719 hujumo-

333 1753 528 1825 modi
581 1772 886 1844 quorum
945 1755 1363 1825 alterutrum
1425 1752 1820 1825 absurdum
1856 1808 1872 1834 ,
1934 1752 2464 1839 absurdiufflm:

334 1886 667 1950 neutrum
723 1880 831 1951 vel
896 1885 1273 1972 utrumque
1327 1890 1523 1950 esset.
1582 1881 1725 1951 Nec
1781 1897 1863 1949 ea
1914 1878 2130 1969 digna
2193 1880 2464 1949 Taurus

334 2004 670 2077 censebat
725 2023 908 2095 quae
969 2012 1527 2095 aspernarentur
1586 2003 1999 2095 philosophi
2064 2020 2228 2083 nec,
2288 2007 2460 2071 sirm

335 2130 813 2203 contendebat
843 2130 1107 2220 aliquis
1147 2130 1438 2202 conviva
1463 2183 1479 2208 ,
1518 2148 1700 2200 vana
1737 2128 2157 2219 futiliaque‚
2202 2131 2468 2219 quippo..

335 2273 491 2328 cum
559 2254 957 2347 gravissimi
1027 2254 1626 2346 philosophorum
1691 2274 1907 2345 super
1962 2251 2091 2322 hac
2150 2274 2232 2321 re
2288 2255 2468 2319 sss-m

336 2378 777 2471 quaesierint
812 2386 880 2451 et
919 2380 1116 2451 Plato
1148 2380 1329 2471 ipse,
1367 2377 1885 2452 absurditatem
1920 2378 2291 2468 utriusque
2328 2399 2468 2447 roffi-

335 2505 544 2597 ponsi
586 2505 891 2595 fugiens,
941 2504 1254 2577 medium
1288 2505 1553 2596 ceperit
1590 2511 1661 2577 et
1699 2511 1997 2576 mortem
2041 2508 2155 2578 τήν
2200 2503 2471 2595 {iaie-m

335 2634 506 2725 φύσιν
546 2631 1032 2721 appellaverit.
1085 2631 1200 2702 Sic
1239 2638 1455 2722 super
1493 2649 1778 2712 cenam,
1823 2628 2070 2701 talibus
2106 2631 2464 2721 synart-ria.

302 2756 529 2849 *apud
564 2759 869 2828 Taurum
915 2756 1408 2847 philosophari
1451 2756 1807 2839 solebant,
1853 2755 2472 2843 familiarimnqua

337 2880 794 2954 sermonibus
830 2899 1076 2973 graves
1110 2881 1638 2971 disputationes
1679 2889 1746 2953 et
1785 2881 2126 2953 lectiones
2168 2877 2256 2971 (1)
2308 2883 2472 2951 mis-

338 3006 706 3079 cebantur.
755 3005 927 3077 Inde
966 3005 1271 3099 perspici
1319 3013 1554 3097 potest
1604 3025 1747 3098 quo
1787 3005 2232 3097 temporibus
2268 3007 2468 3075 {lollii

337 3131 718 3204 inclinaret
756 3131 1216 3223 philosophia
1256 3140 1323 3203 et
1364 3138 1715 3222 quantum
1756 3130 1847 3201 ad
1883 3130 2187 3202 nimium
2224 3131 2476 3199 diali-fr.-

340 3258 518 3330 ticae
557 3257 877 3330 studium
920 3263 989 3329 et
1039 3257 1418 3330 verborum
1454 3255 2040 3348 disquisitionem
2082 3263 2268 3329 esset
2312 3275 2468 3347 μω-

339 3401 566 3475 pensa
612 3379 740 3475 (ἢ).
1820 3383 1826 3388 ’

438 3509 592 3580 Non
635 3513 911 3580 tantum
953 3526 1111 3579 cum
1163 3507 1539 3598 discipulis
1581 3506 1707 3579 sed
1748 3508 1959 3580 etiam
2004 3526 2163 3579 cum
2205 3511 2468 3579 adron-

344 3631 529 3705 ticiis
568 3632 1021 3704 auditoribus
1076 3638 1449 3723 praecepta
1498 3650 1630 3704 sua
1682 3632 2252 3704 communicabat
2304 3639 2472 3703 Τρω-

343 3776 493 3829 ruS.
536 3758 651 3829 Sic
689 3757 777 3829 de
828 3757 1052 3848 patris
1099 3756 1559 3848 filiorumque
1588 3813 1605 3837 ,
1651 3758 1773 3848 qui
1818 3757 1890 3828 in
1943 3759 2468 3849 magistratu-*³152

343 3887 610 3964 essent,
648 3881 903 3954 officiis
936 3881 1242 3973 quadam
1279 3882 1395 3953 die
1426 3882 1770 3954 disseruit
1804 3901 1945 3973 qua
1976 3880 2232 3952 Cretae
2256 3907 2468 3971 pla-ff·-

404 4201 468 4265 (l)
500 4201 578 4251 Cf.
615 4201 827 4264 Friedr,
859 4214 943 4266 op.
977 4203 1082 4258 cie..
1115 4218 1163 4265 p.
1197 4201 1304 4253 399.

411 4290 475 4355 (2)
506 4288 584 4341 Cf.
618 4290 832 4354 Friedl„
864 4292 993 4343 ibid.

2540 1263 2584 1307 l..
2620 1259 2713 1311 til.

2749 1275 2785 1307 ιῗ.
2825 1275 2921 1307 1111.
