3125 4959
38 811 89 860 1,,
120 809 203 871 xl,
233 824 278 860 c.
308 825 352 871 1,
381 814 460 860 23.

40 1548 89 1596 1,.
120 1549 202 1608 xl,
233 1561 276 1598 e.
309 1563 350 1608 ι,
380 1553 459 1600 24.

1418 408 1736 467 ...22-

514 545 726 636 capit.
763 545 861 618 Ac
891 551 1291 636 propterea,
1321 544 1680 636 quidquid
1719 545 1816 616 ita
1845 545 2126 618 educati
2168 545 2376 618 liberi
2406 565 2647 619 amare

515 678 785 761 patrem
819 679 887 742 et
918 677 1212 742 matrem
1247 670 1604 752 videntur,
1642 690 1972 762 magnam
2007 671 2152 744 fere
2184 679 2456 764 partem
2496 691 2642 744 non

516 795 865 866 naturalis
903 795 1021 867 ille
1055 814 1252 866 amor
1291 803 1424 877 est,
1467 795 1594 867 sed
1636 796 1861 868 civilis
1900 805 1968 868 et
1998 797 2388 888 opinabilis
2436 794 2564 891 (1).
2602 824 2632 861 ι

615 920 744 992 Illa
781 939 1028 1012 graeco
1069 939 1399 993 sermone
1436 921 1649 1001 dicta,
1682 929 2030 1012 quantum
2076 923 2493 994 meminisse
2530 941 2646 1013 po·

514 1047 754 1128 tuerit,
802 1046 995 1137 quod
1035 1046 1125 1117 ad
1165 1066 1459 1118 sensum
1501 1048 1790 1128 attinet,
1830 1048 2024 1137 iusta
2063 1065 2218 1119 cum
2267 1047 2647 1120 miratione

516 1173 756 1245 retulit
798 1171 1107 1253 Gellius,
1162 1171 1626 1261 modesteque
1679 1171 1957 1243 addidit
2012 1196 2027 1241 :
2087 1197 2118 1234 ι
2176 1172 2646 1244 amoenitates

516 1314 677 1367 vero
728 1302 796 1367 et
850 1296 1089 1388 copias
1141 1295 1648 1386 ubertatesque
1702 1296 2077 1368 verborum
2131 1297 2353 1367 latina
2408 1297 2647 1369 omnis

517 1420 847 1492 facundia
890 1422 999 1490 vix
1050 1419 1340 1510 quidem
1384 1419 1716 1511 indipisci
1762 1421 2100 1511 potuerit,
2138 1417 2295 1492 m'ea
2333 1421 2646 1492 ten-uitas

517 1561 1004 1635 nequaquam.
1049 1571 1079 1608 ιι
2053 1539 2062 1547 ’

615 1668 878 1740 Eadem
956 1669 1292 1741 monebat
1360 1670 1685 1741 Favorini
1761 1670 1905 1742 fere
1971 1671 2294 1761 aequalis
2363 1671 2641 1743 Plutar-

517 1794 694 1866 chus
740 1792 868 1888 (2),
915 1813 1097 1883 quae
1152 1793 1582 1867 recentiores
1634 1795 2046 1887 philosophi
2100 1792 2194 1890 (5)
2243 1798 2348 1868 vel
2388 1795 2646 1868 medici

518 1927 1056 2011 praeceperunt.

615 2046 705 2115 Ut
745 2053 1063 2117 materna
1095 2044 1291 2116 illius
1329 2046 1671 2137 temporis
1711 2046 2165 2136 negligentia,
2202 2047 2291 2117 ab
2326 2048 2646 2137 antiquis

411 2259 417 2264 ‚
517 2170 781 2242 Romae
822 2171 1142 2242 moribus
1187 2170 1677 2243 dissimillima
1724 2168 1853 2264 (4),
1902 2191 2083 2262 quos
2121 2173 2447 2263 plerique
2489 2173 2646 2263 phi·

37 2554 86 2603 L.
120 2554 239 2614 XIV,
269 2568 313 2605 c.
341 2569 384 2614 1,
416 2556 463 2607 Ξ.

36 3041 89 3091 L.
114 3041 233 3102 XIV,
266 3055 308 3092 c.
340 3055 380 3103 1,
414 3046 461 3094 2.

518 2293 801 2383 losophi
854 2312 1178 2367 revocare
1233 2295 1659 2386 gestiebant,
1706 2315 1919 2368 cansa
1960 2297 2117 2378 fnit,
2164 2298 2359 2388 quod
2399 2298 2645 2394 verisi-

519 2418 689 2491 mile
723 2426 853 2505 est,
890 2419 1103 2509 hujus
1140 2421 1462 2491 Favorini
1501 2421 1875 2503 orationis,
1912 2420 2016 2493 sic
2048 2422 2260 2492 aliam
2294 2422 2646 2512 vituperat

520 2543 1142 2616 consuetudinem.
1177 2543 1310 2614 Eoe
1336 2545 1692 2615 auditione
1718 2566 2024 2640 propere
2060 2552 2397 2616 annotata
2436 2548 2645 2620 refert

519 2676 934 2759 argumenta
995 2669 1265 2741 Gellius
1319 2670 1587 2760 quibus
1647 2655 2031 2740 adeersum
2087 2669 2478 2741 Chaldaeos
2525 2693 2646 2741 seu
2729 2695 2738 2700 ·

523 2790 1001 2864 Genethliacos
1053 2795 1445 2867 Favorinus
1500 2795 1820 2886 invectus
1875 2803 2006 2869 est.
2068 2796 2305 2868 Nescit
2351 2795 2641 2886 quidem

519 2927 756 2992 utrum
799 2918 978 2988 serio
995 2919 1468 3013 judicatoque
1505 2919 1954 2991 existimaret
1991 2941 2087 2989 an
2123 2919 2505 2990 exercendi
2539 2917 2644 2988 in-
2701 2993 2708 3000 ,

516 3043 714 3136 yeni‘i
747 3045 992 3136 qratia
1032 3044 1490 3139 loqueretur:
1544 3053 1855 3118 attamen
1912 3064 2037 3136 per
2088 3045 2637 3118 ostentationem

517 3190 678 3245 eum
720 3171 990 3243 dixisse
1031 3178 1268 3263 negat.

579 3477 644 3541 (l)
673 3474 752 3527 Cf.
786 3475 960 3526 Emm.
993 3475 1135 3526 Kant
1170 3496 1180 3524 ι
1224 3497 1248 3522 «
1279 3476 1352 3525 La
1378 3478 1679 3526 nourriture
1707 3490 1808 3541 que
1837 3477 1887 3526 la
1921 3481 2109 3528 nature
2137 3477 2342 3527 destine
2369 3479 2399 3526 a
2428 3477 2645 3527 l'enfant

517 3572 597 3618 est
626 3568 674 3616 le
700 3567 791 3615 lait
819 3566 885 3616 de
915 3581 972 3615 sa
1000 3565 1160 3616 mere.
1188 3563 1343 3620 Uest.
1378 3566 1448 3613 du
1478 3571 1635 3622 reste,
1668 3579 1739 3615 un
1763 3568 1985 3634 prejuge
2013 3565 2078 3614 de
2101 3566 2272 3615 croire
2299 3580 2400 3628 que
2429 3565 2647 3615 l'ensant

517 3671 581 3708 en
618 3671 745 3707 suce
774 3657 848 3706 les
878 3647 1189 3704 sentiments
1221 3670 1350 3705 avec
1391 3657 1438 3705 le
1475 3657 1593 3712 lait,
1629 3656 1765 3706 ainsi
1804 3655 1959 3719 qu'on
1999 3656 2226 3704 l'entend
2257 3655 2371 3704 dire
2398 3658 2642 3704 souvent.

516 3745 649 3797 Mais
683 3746 718 3795 il
749 3752 831 3796 est
855 3743 961 3793 tres
982 3751 1315 3814 ayantageux
1344 3760 1478 3808 pour
1507 3747 1555 3794 la
1583 3746 1725 3795 mere
1755 3747 1807 3795 et
1833 3744 2050 3794 l'ensant
2078 3745 2266 3808 qu'elle
2296 3745 2397 3794 soit
2425 3746 2570 3795 aussi
2595 3745 2646 3794 la

518 3836 762 3887 nourrice
792 3854 817 3881 n
851 3835 1139 3899 (Principes
1164 3837 1570 3899 metaphysiques
1594 3837 1655 3885 de
1682 3835 1732 3884 la
1766 3835 1973 3894 morale,
2003 3840 2068 3886 tr.
2103 3833 2297 3896 Tissot‚
2329 3851 2375 3899 p.
2409 3833 2535 3895 356).

581 3927 648 3991 (2)
679 3925 815 3976 Vide
844 3926 905 3978 O.
938 3925 1156 3986 Greard,
1186 3927 1369 3976 Morale
1397 3928 1457 3976 de
1486 3926 1779 3988 Plutarque.
1806 3927 1888 3975 ch.
1919 3925 1984 3987 11,
2020 3925 2042 3988 ἓ
2076 3925 2114 3986 l,
2149 3940 2197 3989 p.
2238 3924 2338 3975 104.

582 4016 648 4080 (3)
677 4014 755 4067 Cf.
786 4016 1102 4081 Compayre,
1131 4016 1254 4066 Hist.
1286 4016 1501 4079 critique
1525 4017 1612 4065 des
1638 4015 1892 4065 doctrines
1918 4016 1978 4064 de
2003 4013 2312 4064 l'education
2339 4027 2403 4064 en
2434 4013 2642 4075 Fratue,

518 4110 556 4154 t.
592 4106 665 4166 11,
699 4122 749 4171 p.
780 4107 856 4164 55,
891 4105 968 4165 56,
1005 4104 1107 4156 108.
1150 4139 1155 4146 ·

578 4194 645 4257 (4)
674 4191 751 4246 Cf.
782 4192 958 4251 Dents,
992 4208 1053 4257 op
1104 4196 1212 4254 cit„
1246 4198 1280 4242 t.
1314 4193 1381 4253 Π,
1411 4210 1459 4255 p.
1501 4192 1604 4241 13‘2.
