3125 4959
1513 448 1875 509 —126—

714 585 994 659 Nullam
1042 586 1339 659 alterius
1379 584 1794 676 opinionem
1837 585 2166 657 enuntiat
2201 587 2406 676 cujus
2446 604 2591 657 non
2630 586 2751 658 'in-

618 710 806 783 dicet
849 718 1207 784 auctorem
1260 736 1277 781 :
1324 715 1554 782 cetera
1600 699 2212 800 ‘quemadmodum
2272 707 2450 782 vidit
2501 711 2758 802 legitve

619 844 743 909 aut
796 836 1126 909 meminit
1175 837 1483 928 integre,
1529 835 1767 926 quoad
1819 837 2072 908 saltem
2124 842 2402 926 potest,
2461 836 2753 928 promit.

617 961 917 1050 Jejunus
967 960 1299 1052 quidem,
1346 959 1539 1051 quod
1585 960 1742 1050 ipse
1794 958 2091 1042 fatetur,
2137 959 2364 1032 videri
2411 966 2647 1052 potest
2689 966 2759 1032 et

620 1085 1135 1168 inelaboratus,
1181 1085 1308 1158 sed
1349 1103 1441 1156 ne
1481 1083 1658 1174 quid
1701 1083 1888 1155 ultro
1927 1090 2152 1156 mutet
2190 1092 2314 1156 aut
2351 1091 2761 1175 corrumpat

622 1210 873 1283 sedulo
931 1215 1151 1282 cavet.
1210 1209 1323 1281 Illi
1380 1227 1638 1299 nempe
1691 1207 2011 1300 fingendi
2066 1215 2135 1280 et
2188 1208 2496 1281 ornandi
2557 1208 2763 1299 copia

620 1333 856 1415 deest,
898 1340 971 1405 at
1009 1352 1154 1405 non
1192 1331 1519 1405 discendi
1560 1338 1631 1405 et
1668 1332 2176 1423 investigandi.

719 1458 1056 1531 Memoria
1109 1477 1272 1530 vero
1335 1457 1469 1531 fuit
1524 1459 1680 1549 eJus
1733 1465 2065 1550 prompta
2120 1466 2190 1530 et
2239 1465 2500 1542 tenax,
2555 1458 2763 1549 cujus

622 1583 909 1674 quidem
965 1582 1375 1655 facilitatem
1415 1581 1711 1654 assiduo
1752 1581 1996 1653 labore
2042 1600 2124 1652 ac
2160 1581 2591 1654 lectionibus
2632 1601 2760 1654 ex-

621 1707 896 1779 colebat
934 1714 1004 1778 et
1060 1708 1184 1777 illa
1223 1706 1450 1778 nobili
1509 1706 2039 1778 consuetudine
2093 1706 2392 1778 notandi
2436 1706 2579 1779 fere
2640 1726 2760 1779 co-

623 1831 795 1903 tidie
854 1839 923 1903 et
971 1831 1461 1922 perscribendi
1518 1850 1708 1921 quae
1761 1838 2093 1913 noverat,
2152 1851 2294 1923 qua
2347 1838 2628 1916 tamen,
2687 1840 2769 1905 ut

622 1956 826 2028 aiunt
873 1956 1060 2028 inter
1115 1955 1296 2028 alios
1356 1955 1848 2042 Quintilianus
1910 1952 2003 2048 (1)
2067 1964 2135 2028 et
2187 1958 2567 2029 Montanus
2616 1954 2710 2050 (2)
2744 2013 2763 2039 ,

625 2099 769 2151 non
809 2086 877 2152 te
918 2080 1020 2152 uti
1054 2080 1253 2152 decet
1292 2078 1436 2151 nisi
1477 2079 1731 2152 ordine
1772 2086 1842 2151 et
1882 2079 2095 2152 modo
2135 2080 2488 2154 adhibito.
2535 2081 2766 2172 Auge·

621 2206 744 2278 bat
802 2205 1013 2278 etiam
1072 2206 1211 2277 vim
1268 2211 1337 2278 et
1399 2206 1675 2298 copiam
1736 2206 2123 2279 memoriae
2183 2207 2770 2297 frequentissima

625 2331 1049 2421 scriptorum
1128 2330 1565 2421 comparatio
1640 2348 1721 2401 ac
1798 2349 2034 2402 rerum
2107 2340 2174 2403 et
2246 2330 2765 2404 sententiarum

626 2456 1031 2547 conjunctio
1096 2475 1278 2547 quae
1337 2463 1595 2529 natura
1666 2457 2012 2546 consequi
2070 2458 2252 2529 solet
2320 2457 2627 2547 ideoque
2688 2456 2768 2527 in

625 2587 872 2651 nostra
903 2586 1131 2652 aetate
1172 2580 1355 2652 sicut
1394 2581 1555 2652 fons
1597 2587 1666 2652 et
1702 2581 2134 2672 principium
2178 2579 2534 2671 cogitandi
2575 2579 2764 2652 dun-

627 2710 821 2775 taxat
864 2723 905 2775 a
954 2704 1200 2775 multis
1257 2706 1717 2796 philosophis
1772 2705 2134 2796 recipitur.
2192 2707 2475 2777 Nullam
2527 2713 2769 2776 tamen

627 2830 1062 2902 exercendae
1098 2832 1482 2903 memoriae
1523 2830 1838 2923 regulam
1881 2831 2073 2922 apud
2118 2831 2424 2919 Gellium
2453 2884 2469 2913 ,
2516 2831 2638 2921 qui
2679 2830 2771 2902 de

628 2974 710 3027 ea
750 2954 1037 3046 saepius
1079 2957 1262 3047 agit,
1315 2956 1628 3047 reperire
1683 2957 1924 3046 possis
1978 2980 1991 3022 :
2060 2962 2386 3028 naturam
2445 2957 2772 3047 sequitur

627 3098 759 3152 nec
816 3080 1096 3170 quaerit
1158 3100 1300 3170 qua
1361 3081 1639 3152 ratione
1693 3098 1952 3152 sensus
2005 3079 2079 3151 in
2127 3082 2370 3152 animo
2411 3081 2617 3171 quasi
2660 3099 2769 3151 re-

629 3204 897 3276 conditi
942 3204 1387 3277 reviviscant.
1436 3205 1515 3276 In
1572 3222 1655 3275 ea
1707 3211 1908 3294 parte
1962 3203 2257 3276 inferior
2307 3204 2584 3275 videtur
2623 3221 2771 3274 non

629 3335 907 3400 tantum
946 3330 1224 3401 Platoni
1269 3337 1339 3403 et
1378 3329 1739 3402 Aristoteli
1783 3330 1907 3421 qui
1955 3327 2168 3420 primi
2220 3328 2408 3421 leges
2452 3327 2773 3400 indicare

545 3525 560 3536 .‚
634 3451 899 3542 quibus
940 3452 1014 3524 id
1058 3452 1181 3524 fiat
1233 3460 1728 3534 tentaverunt,
1775 3454 1900 3526 sed
1953 3454 2164 3525 etiam
2208 3452 2465 3525 Stoicis
2516 3451 2772 3542 Epicu-

635 3576 922 3666 reisque
957 3577 1081 3666 qui
1121 3594 1241 3648 eas
1272 3596 1416 3648 non
1452 3578 1733 3648 minimi
1771 3577 2143 3659 momenti,
2183 3577 2419 3667 quoad
2458 3578 2771 3650 intellec-

637 3709 785 3772 tum
819 3701 1114 3790 juvant,
1158 3700 1566 3773 hahuerunt
1607 3699 1736 3797 (5).

734 3825 1120 3916 Epicureos
1185 3824 1476 3918 quidem
1533 3834 1604 3898 et
1658 3828 1965 3908 stoicos,
2025 3826 2149 3917 qui
2214 3826 2423 3898 Gellii
2487 3826 2777 3898 fuerunt

709 4053 778 4117 (l)
808 4052 930 4102 lmt.
962 4066 1059 4113 or.,
1094 4053 1161 4115 X,
1194 4055 1238 4104 6.

702 4144 772 4207 (2)
806 4162 832 4188 «
861 4142 930 4192 Se
954 4143 1087 4192 faire
1116 4157 1218 4192 une
1246 4143 1498 4193 memoire
1521 4144 1588 4192 de
1614 4144 1810 4208 papier.
1842 4162 1867 4187 ι)

701 4231 771 4295 (3)
798 4229 957 4279 Janet
986 4234 1038 4278 et
1066 4228 1309 4292 Se'nilles‚
1338 4233 1461 4280 His-t.
1494 4233 1555 4281 de
1587 4231 1637 4280 la
1663 4231 1818 4294 phil„
1850 4246 1902 4294 p.
1939 4230 2043 4281 197.
