3125 4959
1259 481 1576 540 ...87—

357 620 518 693 recti
580 638 706 711 per
767 619 1120 699 laborem,
1189 619 1392 691 labor
1449 625 1854 700 evanescet,
1916 625 2181 689 rectum
2240 624 2479 689 tamen

356 745 784 827 remanebit;
843 744 903 816 si
956 743 1131 834 quid
1178 750 1423 816 contra
1461 749 1668 833 turpe
1707 742 1955 815 feceris
1996 761 2121 833 per
2158 743 2479 832 volupta-

354 877 521 950 tem,
564 877 935 942 evanescet
982 870 1337 960 voluptas,
1390 875 1597 959 turpe
1655 876 1901 940 contra
1962 868 2386 939 remanebit.
2437 893 2468 930 ι

355 996 466 1066 Sic
508 994 651 1066 iere
706 1001 917 1066 antea
969 994 1043 1065 in
1103 994 1426 1066 oratione
1476 993 1672 1084 apud
1728 995 2007 1084 equites
2054 992 2482 1065 Numantiae

353 1119 596 1191 habita
633 1120 912 1191 locutus
950 1126 1101 1191 erat
1135 1121 1227 1191 M.
1265 1119 1463 1190 Cato.

445 1247 697 1317 Narrat
735 1244 1065 1317 eumdem
1108 1245 1514 1317 Musonium
1558 1243 1837 1316 cuidam
1878 1243 2291 1335 philosophi
2329 1262 2478 1335 spe⁶
2536 1249 2584 1300 L·
2617 1248 2704 1309 lx,
2741 1256 2952 1311 c.11‚s.

355 1370 528 1442 ciem
584 1388 751 1460 prae
800 1389 879 1442 se
932 1371 1212 1452 ferenti,
1260 1388 1333 1441 re
1392 1377 1630 1441 tamen
1677 1367 2003 1439 nebuloni
2045 1376 2107 1439 et
2152 1368 2349 1439 nulla
2397 1391 2480 1439 re

349 1492 527 1563 bona·
590 1494 808 1587 diyno
872 1496 996 1584 qui
1068 1495 1552 1578 mendicabat,
1616 1493 1807 1563 mille
1870 1517 2247 1563 nummum
2309 1493 2482 1563 dari

329 1620 659 1711 jussisse,
739 1620 910 1710 quia
982 1639 1065 1692 eo
1154 1621 1374 1711 magis
1449 1620 1751 1711 pecunia
1818 1620 2193 1711 indigeret.
2274 1620 2475 1706 Quod

349 1745 800 1836 exemplum,
839 1751 914 1816 ut
965 1764 1182 1835 supra
1235 1744 1573 1828 vidimuS‚
1629 1745 1950 1817 imitatus
2009 1753 2118 1817 est
2164 1745 2478 1817 Herodes

347 1869 648 1943 Atticus,

442 1994 652 2066 lllum
697 2012 986 2085 quoque
1028 1995 1128 2066 ait
1176 1994 1410 2066 dicere
1462 1995 1781 2080 solitum,
1839 1995 1901 2066 si
1946 1994 2238 2085 quando
2289 1995 2472 2067 acci-

346 2119 531 2191 derit
572 2126 675 2201 ut,
719 2121 1062 2210 loquente
1114 2120 1202 2192 de
1244 2119 1564 2193 moribus
1608 2120 2069 2212 philosopho,
2113 2119 2477 2191 auditores

345 2243 777 2316 clamoribus
820 2251 890 2316 et
927 2244 1213 2336 plausu,
1259 2244 1449 2335 quod
1505 2245 1581 2316 in
1633 2245 2225 2317 consuetudinem
2271 2262 2477 2316 vene-

342 2376 451 2441 rat
479 2366 610 2463 (l),
644 2369 1191 2441 admirationem
1234 2389 1436 2441 suam
1471 2379 1996 2461 expromerent,
2021 2370 2281 2442 frustra
2312 2388 2473 2442 eum

343 2493 539 2584 loqui
583 2501 652 2565 et
691 2494 853 2565 illos
893 2493 1170 2567 audire.
1210 2496 1386 2566 Nam
1428 2513 1587 2567 cum
1631 2514 1949 2567 errorum
1997 2497 2475 2587 vitiorumque

349 2619 665 2692 remedia
716 2620 1208 2711 proferuntur,
1268 2639 1514 2703 nem0‚
1569 2620 1711 2690 nisi
1753 2623 1977 2715 plane
2030 2622 2468 2716 deperditus,
2584 2628 2633 2677 L·
2667 2627 2896 2689 V20-111·

285 2801 314 2808 .,
345 2744 699 2817 laudandi
734 2745 953 2814 otium
1002 2744 1199 2816 habet
1239 2770 1262 2814 .·
1319 2747 1608 2838 penitus
1659 2756 2025 2838 permotus
2065 2755 2135 2820 et
2180 2748 2473 2820 affectus

342 2871 539 2943 vultu
576 2877 851 2942 tantum
889 2879 957 2944 et
983 2891 1104 2944 ore
1134 2873 1430 2944 intimos
1463 2892 1723 2946 sensus
1753 2873 2108 2965 significat
2136 2875 2465 2947 auditor:

339 3002 648 3067 ceterum
690 3014 875 3085 quae
915 2996 1461 3068 admirationem
1504 2997 1833 3076 incitant,
1870 3017 1953 3069 ea
1991 3007 2060 3070 et
2103 2999 2470 3071 silentium

341 3137 472 3190 nec
508 3118 721 3190 verba
761 3121 1050 3211 pariunt
1093 3145 1109 3191 ε
1155 3122 1260 3193 sic
1296 3122 1577 3194 dicebat
1611 3124 1997 3194 Homerum
2030 3124 2307 3216 Ulyssis
2348 3143 2471 3194 au-

340 3243 610 3316 ditores
645 3242 947 3317 finxisse
974 3246 1293 3315 attonitos
1321 3253 1384 3316 et
1412 3246 1804 3339 obstupidos
1833 3246 2317 3318 delenimentis
2343 3272 2472 3319 an·

338 3366 538 3437 rium
588 3368 694 3437 ad
739 3368 1053 3459 origines
1103 3393 1318 3463 usque
1367 3371 1550 3442 vocis
1589 3371 2216 3464 permanantibus,
2266 3376 2472 3460 Quod

340 3494 651 3566 breviter
689 3495 881 3585 apud
918 3503 1203 3566 nostros
1238 3495 1498 3568 dicitur
1533 3522 1550 3567 ε
1598 3506 1833 3571 mutos
1865 3498 2029 3570 iacit
2061 3498 2467 3572 admiratio,

441 3619 766 3691 Severior
815 3620 934 3692 ille
987 3639 1246 3711 nempe
1299 3623 1802 3712 philosophus,
1851 3643 1993 3713 quo
2034 3631 2321 3721 auctore
2357 3647 2470 3694 re·

340 3742 624 3812 mittere
654 3746 976 3812 animum
1014 3746 1218 3837 quasi
1239 3744 1574 3817 ‚anzittere
1609 3752 1774 3815 esset
1800 3772 1823 3814 .·
1860 3757 2292 3839 quapropter
2322 3751 2473 3821 Get·
2528 3757 2575 3807 L.
2609 3756 2779 3815 xvm,
2821 3770 2862 3807 0·
2894 3771 2947 3808 11·

343 3869 484 3941 lius
546 3869 657 3940 his
717 3869 975 3948 verbis,
1038 3889 1198 3941 cum
1258 3872 1665 3941 Saturnalia
1721 3871 2068 3961 ayitaret,
2140 3873 2466 3953 omissis,

342 4012 419 4065 se
456 3992 858 4065 demulcere
895 3995 1216 4065 animum
1255 4001 1324 4066 et
1362 3992 1622 4064 laxare
1651 3994 1777 4077 ait,
1814 3995 2200 4085 quamdam
2239 3994 2468 4066 oblec-

403 4274 473 4339 (l)
503 4271 893 4332 Friedlaender,
923 4290 1006 4339 op.
1037 4278 1143 4337 cit„
1177 4292 1227 4341 p.
1260 4276 1381 4340 4293
1410 4278 1480 4331 cf.
1511 4276 1694 4342 Apul„
1726 4276 2002 4344 Apologia;
2034 4278 2227 4341 Semo„
2257 4279 2471 4343 passim.
