3125 4959
145 837 197 885 L.
218 839 317 894 xit,
345 851 389 884 e.
417 851 447 884 ιε

136 1577 185 1626 L.
214 1576 311 1628 xit.
337 1588 379 1623 c.
410 1589 461 1632 ιι,
492 1579 566 1624 Η.

164 3346 211 3393 l„
248 3344 343 3396 XV,
374 3357 417 3392 c.
448 3358 517 3395 xi.

1534 424 1858 488 ...35—

630 566 1227 659 vituperationem
1264 567 1592 656 mitigare
1631 566 1878 642 vellet,
1923 565 2110 635 hanc
2141 565 2452 635 Senecae
2480 561 2558 631 in
2597 578 2769 631 ava-

632 712 789 763 rum
830 692 1261 763 sententiam
1302 699 1650 762 memorat
1687 716 1706 760 ε
1763 717 1794 752 ε
1835 690 2012 779 quid
2051 691 2246 760 enim
2283 689 2496 760 refert
2532 704 2769 776 quan-

454 873 467 892 .
500 839 573 886 η.
628 823 783 887 tum
823 814 1141 886 habeas?
1170 817 1397 886 multo
1432 815 1618 887 illud
1649 816 1814 906 plus
1849 823 1960 886 est
1997 815 2194 904 quod
2231 833 2378 884 non
2419 812 2671 883 habes.
2717 837 2753 873 ›

628 941 785 1010 Non
818 940 1101 1011 dubitat
1134 959 1299 1030 ergo
1323 995 1341 1020 ‚
1376 959 1537 1011 cum
1571 939 2058 1025 Quintiliano,
2103 939 2448 1010 Senecam
2474 935 2763 1007 vivendi

630 1073 1157 1156 praeceptorem
1199 1065 1491 1135 laudare
1536 1063 1634 1156 (t)
1663 1118 1684 1148 ,
1726 1064 1854 1135 sed
1899 1064 2294 1134 Fabianum
2335 1063 2425 1134 de
2462 1080 2546 1133 eo
2589 1062 2757 1131 imi-

630 1199 821 1263 tatus
860 1191 1255 1280 judicium
1302 1186 1620 1280 adjicit:
1677 1188 2216 1258 adolescentium
2271 1187 2578 1256 indolem
2619 1207 2764 1255 non

627 1323 777 1385 tam
804 1317 1091 1406 juvare
1129 1337 1313 1409 quae
1344 1314 1511 1384 bene
1546 1314 1744 1386 dicta
1778 1321 1944 1383 sunt
1979 1336 2198 1407 quam
2234 1313 2534 1404 inficere
2578 1332 2767 1406 quae

612 1440 963 1533 pessime,
1001 1460 1161 1511 cum
1203 1460 1287 1512 ea
1326 1442 1744 1531 praesertim
1797 1463 1868 1507 m
1907 1463 1992 1509 ie
2027 1438 2330 1531 ancipiti
2357 1460 2498 1533 pro
2529 1438 2756 1509 consi·

624 1564 713 1633 lio
739 1564 1113 1634 dicuntur.

1384 1819 1457 1886 3⁰
1492 1815 1602 1887 De
1637 1814 1990 1908 Epidau.

716 2069 955 2139 Alium
1013 2075 1251 2138 autem
1312 2067 1565 2138 beatae
1625 2067 1808 2138 vitae
1863 2086 1946 2137 ac
1995 2066 2278 2138 virtutis
2329 2066 2752 2156 magistrum

620 2195 819 2264 nulla
868 2211 1029 2264 cum
1084 2193 1505 2283 exceptione
1550 2192 1824 2263 Gellius
1881 2191 2124 2262 laudat
2164 2192 2564 2281 Epictetum
2613 2187 2750 2284 (2),

620 2337 747 2388 nec
786 2317 1063 2407 frigidi,
1104 2327 1181 2389 ut
1219 2317 1511 2407 qnidam
1550 2317 1782 2394 aiunt,
1823 2318 2128 2388 rhetoris
2158 2317 2336 2407 gerit
2368 2334 2750 2407 personam

618 2460 778 2512 cum
832 2442 949 2512 his
1004 2442 1241 2512 verbis
1294 2442 1682 2512 Domitiani
1731 2441 2044 2512 edictum
2098 2440 2426 2513 censorio
2466 2438 2750 2511 cuidam

615 2566 1006 2654 antiquiori
1062 2575 1549 2657 comparatum
1607 2566 1818 2637 refert
1861 2590 1880 2634 ε
1941 2592 1973 2629 ι
2025 2566 2274 2654 Neque
2321 2564 2464 2634 illis
2513 2563 2748 2635 solnm

620 2691 1061 2781 temporibus
1098 2691 1319 2762 nimis
1360 2691 1664 2762 rudibus
1713 2690 2018 2762 necdum
2060 2707 2310 2779 graeca
2363 2687 2753 2779 disciplina

615 2815 951 2907 expolitis
990 2815 1401 2905 philosophi
1433 2835 1515 2887 ex
1548 2816 1729 2886 urbe
1760 2818 1980 2886 Roma
2004 2816 2195 2906 pulsi
2227 2821 2397 2886 sunt
2441 2839 2458 2884 :
2505 2833 2748 2885 verum

615 2938 827 3012 etiam
896 2940 1303 3011 Domitiano
1374 2941 1774 3029 imperante
1843 2940 2472 3011 senatusconsulto
2543 2938 2751 3030 ejecti

615 3072 831 3154 atque
890 3065 1065 3136 urbe
1108 3075 1179 3138 et
1230 3067 1433 3137 Italia
1474 3065 1834 3137 interdicti
1875 3073 2070 3136 sunt.
2125 3066 2278 3150 Qua
2327 3071 2751 3153 tempestate

618 3189 975 3278 Epictetus
1030 3208 1321 3280 quoque
1376 3189 1856 3279 philosophus
1927 3196 2214 3279 propter
2277 3188 2351 3258 id
2411 3194 2748 3259 senatus-

614 3314 1022 3386 consultum
1060 3313 1459 3404 Nicopolim
1503 3316 1726 3384 Roma
1759 3313 2116 3385 discessit.
2163 3342 2192 3376 ›

710 3439 867 3509 Non
920 3439 1083 3510 facit
1136 3438 1253 3509 hic
1304 3438 1708 3528 indignatio
1779 3438 2154 3510 verborum
2221 3437 2749 3508 abundantiam

615 3562 743 3633 sed
820 3562 1213 3632 aculeatam
1299 3563 1730 3634 sententiam
1798 3562 2154 3652 expromit
2223 3586 2242 3630 ε
2321 3561 2751 3633 meminerat

606 3685 878 3757 scilicet
926 3686 1320 3775 Epictetum
1375 3687 1489 3757 sui
1532 3688 1862 3758 Favorini
1909 3687 2134 3758 tuisse
2174 3686 2592 3777 magistrum
2645 3682 2742 3778 (5)

666 3958 735 4020 (l)
766 3955 973 4017 Quint„
1004 3958 1070 4005 De
1095 3958 1220 4009 inst.
1248 3965 1401 4017 orat..
1428 3959 1462 4005 l.
1500 3955 1581 4014 X;
1611 3957 1684 4005 cf.
1714 3955 1936 4016 Martha,
1964 3970 2046 4019 ορ.
2073 3956 2180 4008 eit„
2207 3971 2257 4018 p.
2295 3955 2368 4007 ll.
2399 3979 2460 3991 -
2481 3952 2538 4002 J.
2564 3952 2745 4012 Denis„

602 4060 687 4110 op.
716 4049 825 4101 cit..
857 4052 897 4095 t.
924 4045 996 4105 11,
1023 4061 1075 4109 p.
1099 4046 1179 4095 65.

663 4136 733 4199 (2)
762 4134 844 4186 Cf.
874 4136 1071 4198 Ruake,
1102 4151 1155 4199 p.
1186 4136 1264 4185 47.

664 4226 735 4288 ¹3)
766 4224 906 4275 Vide
929 4240 1107 4290 supra.
