3125 4959
1522 485 1889 546 -128—

637 623 831 695 tione
902 622 1216 713 promit,
1306 622 1435 696 sed
1518 629 1836 695 nostram
1925 621 2111 696 excit
2199 624 2768 698 meditationem.

738 748 1013 818 Partem
1047 745 1262 838 igitur
1293 747 1794 840 philosophiae
1828 750 2169 821 moralem
2211 748 2521 823 maxime
2554 749 2777 823 coluit

638 870 936 954 Gellius,
978 870 1183 961 cuius
1222 891 1442 963 supra
1484 873 1746 964 placita
1787 875 2339 960 memoravimus
2385 900 2401 945 :
2447 875 2643 966 quod
2683 875 2774 947 ad

636 1013 792 1068 eam
835 1014 1019 1087 quae
1059 1003 1167 1069 est
1210 996 1297 1069 de
1330 996 1555 1090 animi
1597 996 1921 1080 scientia,
1970 1017 2184 1089 quam
2231 999 2445 1071 bodie
2477 998 2775 1092 psycho-

636 1120 901 1216 loyiam
966 1129 1253 1204 vocant,
1326 1120 1415 1195 de
1477 1121 2027 1212 quaestionibus
2094 1141 2178 1195 eo
2244 1123 2775 1214 pertinentibus

636 1247 935 1350 strictim
984 1246 1203 1328 dixit,
1250 1246 1441 1337 quod
1482 1254 1720 1318 tamen
1762 1265 1896 1318 nos
1938 1246 2113 1320 sinit
2148 1247 2496 1338 conjicere
2533 1247 2777 1338 qualia

632 1373 710 1444 in
751 1371 947 1444 illius
997 1379 1227 1444 aetate
1279 1370 1742 1462 agitarentur.
1807 1371 2273 1462 Indagatione
2324 1379 2624 1443 naturae
2666 1390 2776 1443 re-

634 1516 830 1575 rum,
879 1513 1402 1585 causarumque
1442 1501 1510 1567 et
1557 1495 2074 1586 principiorum
2113 1496 2400 1578 relicta,
2448 1503 2621 1568 tunc
2654 1514 2776 1585 pe-

634 1622 991 1694 culiariter
1021 1620 1526 1711 disputabatur
1555 1620 1733 1711 quid
1767 1619 1914 1692 sint
1942 1627 2012 1693 et
2046 1622 2331 1693 valeant
2364 1621 2774 1693 intellectus

631 1754 701 1819 et
738 1746 1095 1828 voluntas,
1132 1745 1398 1836 quibus
1437 1745 1897 1818 facultatibus
1933 1752 2003 1818 et
2033 1746 2397 1836 quomodo
2433 1764 2775 1819 exercen-

631 1872 744 1944 dis
801 1872 1016 1944 homo
1086 1871 1179 1943 sit
1230 1870 1627 1961 praeditus.
1699 1871 1920 1962 Magis
1980 1873 2401 1945 auctoritate
2465 1870 2774 1942 aliorum

630 1996 853 2068 fretus
919 2015 1135 2086 quam
1198 2014 1331 2066 sua
1395 1996 1627 2098 ipsius
1696 1995 2201 2078 meditatione,
2265 1997 2623 2068 nonnulla
2685 1995 2777 2068 de

630 2121 854 2193 animi
906 2120 1448 2204 affectionibuS‚
1496 2120 1584 2193 de
1638 2121 2024 2204 memoria,
2083 2121 2170 2194 de
2225 2120 2773 2194 consuetudinis

632 2247 743 2329 vi,
789 2245 879 2317 de
924 2246 1049 2316 illa
1098 2263 1172 2316 re
1231 2263 1447 2334 quam
1505 2245 2015 2337 cogitationum
2072 2264 2199 2338 per
2256 2245 2772 2318 continentiam

633 2371 1208 2462 conjunctionem
1260 2389 1630 2454 vocamus,
1686 2371 1775 2443 de
1825 2372 2141 2463 corporis
2195 2373 2566 2462 animique
2622 2368 2774 2441 affi-

634 2498 857 2568 nitate
907 2497 1240 2578 tradidit,
1306 2516 1491 2589 quae
1545 2497 1959 2569 etiamnunc
2013 2498 2346 2570 lectorem
2412 2496 2767 2569 delectare

637 2630 969 2713 possunt.

735 2749 814 2818 In
856 2765 939 2818 ea
980 2754 1175 2837 parte
1206 2766 1388 2837 quae
1426 2747 1518 2819 ad
1560 2747 2001 2821 dialecticam
2035 2755 2103 2820 et
2138 2747 2433 2838 logicam
2469 2751 2765 2836 spectat,

639 2879 705 2945 et
742 2871 834 2944 ad
880 2890 1026 2944 rem
1085 2872 1482 2963 politicam,
1542 2874 1750 2963 plura
1800 2873 2129 2963 exempla
2187 2881 2256 2945 et
2310 2878 2773 2943 monumenta

637 3011 852 3089 quam
904 2995 1158 3067 altiora
1214 3005 1588 3088 praecepta
1643 2996 1879 3079 dedit,
1926 2997 2170 3069 stoicis
2227 3004 2297 3070 et
2347 2996 2772 3069 academicis

636 3121 879 3193 nixus.
931 3122 1076 3192 Hoc
1124 3127 1363 3193 tamen
1411 3121 1756 3193 memoria
1805 3121 2100 3213 dignum
2145 3120 2425 3193 videtur
2478 3140 2640 3193 eum
2695 3119 2770 3191 in

635 3246 976 3318 humanis
1017 3245 1232 3318 rebus
1278 3264 1734 3337 progressum
1777 3253 1845 3319 et
1877 3245 2382 3337 perfectionem
2432 3264 2590 3318 esse
2626 3264 2771 3318 cre·

637 3349 912 3444 didisse
954 3393 971 3441 2
1017 3389 1202 3461 quae
1241 3369 1456 3455 fideS,
1501 3389 1916 3462 quanquam
1965 3370 2211 3443 multis
2245 3370 2770 3442 calamitatibus

637 3503 709 3570 et
745 3495 934 3567 vitiis
985 3494 1303 3567 labefieri
1344 3475 1659 3586 poterat,
1700 3513 2081 3586 generosas
2122 3503 2400 3568 mentes
2439 3495 2764 3567 consola-

636 3621 849 3692 batur
904 3626 972 3693 et
1038 3621 1510 3711 perseveravit
1572 3619 1742 3693 dum
1803 3608 2074 3692 nostris
2142 3620 2586 3711 temporibus
2646 3638 2771 3711 per

639 3746 1018 3818 continuos
1092 3745 1396 3837 graduS,
1475 3743 2030 3818 reclamantibus
2103 3744 2395 3835 quidem
2468 3744 2771 3817 morosis

640 3868 1076 3963 quibusdam
1111 3923 1128 3952 ‚
1173 3870 1247 3941 in
1285 3876 1730 3942 constantem
1771 3868 2167 3940 doctrinam
2206 3875 2618 3942 verteretur.

739 3997 1000 4070 Moram
1040 4002 1224 4068 certe
1264 3995 1765 4086 philosophiae
1812 3993 2268 4085 disciplinam
2312 4012 2458 4066 non
2502 3993 2773 4084 proles-

643 4138 767 4192 sus
815 4127 926 4193 est
972 4119 1300 4210 quamvis
1339 4138 1492 4191 eam
1518 4175 1535 4202 ,
1584 4119 1778 4209 quod
1825 4120 1900 4190 in
1944 4121 2191 4192 multis
2228 4118 2554 4192 Noctium
2598 4117 2771 4190 locis

643 4251 960 4336 apparet,
1002 4245 1293 4336 plurimi
1335 4242 1599 4317 lecerit.
1645 4244 1974 4334 inquieta
2009 4242 2420 4317 curiositate
2458 4243 2763 4327 incituS,
