3125 4959
1244 470 1563 535 ...43-

335 634 510 683 rum
547 610 952 705 copulatum
958 611 1435 704 junctumque
1463 606 1874 679 vocabulum
1897 627 1992 679 ex
2012 606 2224 678 avido
2247 607 2464 691 aeris,

336 737 846 829 existimatque
896 737 987 809 ab
1039 755 1185 809 uno
1227 757 1401 806 aveo
1441 732 1893 822 inclinatum,
1940 731 2138 824 quod
2189 731 2466 823 simpli·
2589 748 2639 799 t.
2669 748 2737 808 x,
2767 762 2888 799 ev.

334 863 494 936 cius
534 881 614 935 ac
644 862 1105 935 verisimilius
1145 860 1448 933 videtur.

441 988 616 1060 Cum
646 987 1008 1078 Nigidium
1044 986 1300 1078 probat
1333 992 1692 1059 auctorem
1732 984 1822 1057 de
1865 982 2142 1075 origine
2172 981 2468 1055 vocabu·

335 1114 572 1186 lorum
605 1110 777 1182 vani
819 1120 887 1185 et
921 1111 1192 1206 stolidi,
1240 1130 1559 1204 quorum
1596 1109 2191 1203 significationem
2234 1127 2472 1181 exem·
2527 1121 2952 1182 L.xvlll,c.1v.

337 1239 483 1331 plis
523 1239 641 1311 ille
666 1238 1143 1320 confirmavit,
1178 1257 1336 1311 cum
1366 1259 1594 1307 vanus
1624 1237 1713 1310 de
1743 1233 2087 1309 mendace
2116 1243 2185 1308 et
2216 1234 2284 1305 in
2300 1234 2466 1318 lido,

335 1364 639 1438 stolidus
669 1365 756 1438 de
785 1374 965 1438 tetro
995 1373 1065 1438 et
1096 1365 1394 1437 molesto
1427 1364 1727 1443 dicatur,
1766 1381 1911 1435 non
1937 1381 2097 1434 vera
2128 1379 2287 1434 esse
2314 1378 2474 1432 con·

342 1496 450 1562 tra
483 1489 757 1581 judicat
795 1489 922 1561 sed
965 1489 1347 1562 audaciora
1378 1489 1883 1580 argutioraque
1913 1507 2098 1579 quae
2133 1487 2223 1559 de
2263 1486 2473 1558 verbo

338 1620 634 1685 autumo
681 1615 866 1688 dixit
916 1616 1283 1707 Nigidius,
1333 1614 1537 1684 homo
1592 1612 2133 1695 ertutitissimm,
2191 1630 2474 1704 compa·
2563 1640 2615 1689 L.
2645 1638 2744 1699 XV,
2775 1651 2818 1688 e.
2850 1652 2917 1687 111.

339 1758 510 1812 rans
547 1759 705 1813 cum
748 1740 837 1812 iis
878 1759 1062 1831 quae
1114 1741 1391 1813 Tullius
1440 1732 1859 1822 affirma'vit,
1903 1738 2026 1811 vir
2071 1738 2478 1810 acerrimae

341 1862 416 1933 in
451 1863 681 1934 studio
719 1862 1134 1936 litterarum
1171 1863 1595 1955 diliyentiae
1640 1861 1770 1958 (l).

441 1990 704 2062 Eadem
747 1989 1120 2080 diligentia
1163 1991 1387 2062 utitur
1426 1997 1494 2062 et
1551 1993 1843 2081 paulum
1896 1989 2273 2061 verborum
2315 2008 2476 2061 acu·

344 2115 475 2187 leis
520 2114 801 2186 videtur
840 2114 1209 2189 studuisse
1250 2114 1556 2195 Gellius,
1602 2133 1761 2186 cum
1818 2115 2076 2186 asserit
2114 2113 2474 2205 Nigidium

342 2246 590 2331 argute
628 2245 697 2311 et
736 2239 1097 2312 subtiliter
1142 2239 1237 2334 (2)
1287 2241 1827 2332 interpretatum
1870 2258 2029 2312 esse
2063 2237 2330 2332 fratris
2371 2258 2479 2311 vo·
2535 2255 2958 2314 c.xvi11,e.x,t.

345 2362 577 2436 cabuli
647 2363 1041 2455 originem,
1099 2365 1577 2438 affirmantem
1641 2389 1658 2436 ε
1731 2391 1762 2429 α
1816 2365 2032 2438 trater
2081 2373 2188 2438 est
2244 2364 2476 2437 dictus

346 2489 553 2580 quasi
593 2488 738 2562 fere
777 2490 982 2562 alter.
1028 2517 1058 2554 ι
1120 2491 1312 2564 Alias
1352 2491 1439 2563 de
1494 2492 1558 2563 vi
1612 2510 1694 2563 ac
1745 2491 2270 2583 significatione
2322 2510 2475 2564 ser·
2535 2486 2879 2570 1,.1v,'e.1x.
2915 2512 2958 2556 1.

348 2615 583 2687 monis
623 2615 1036 2688 omittemus
1074 2616 1603 2708 disputationes
1652 2635 1834 2707 quas
1885 2616 2093 2689 Gellii
2144 2615 2476 2707 tempori-

346 2738 482 2812 bus
522 2740 807 2813 crebras
842 2741 1063 2814 luisse
1104 2749 1426 2833 apparet.

442 2861 1002 2938 Moderationem
1061 2873 1131 2939 et
1194 2866 1767 2957 temperantiam,
1844 2884 2059 2956 quam
2130 2866 2475 2938 Favorino

349 2986 526 3060 duce
567 2988 905 3061 laudabat
942 2990 1204 3070 Aulus,
1254 2992 1429 3064 satis
1469 2992 1684 3082 plane
1724 2990 2029 3064 delinire
2082 2993 2146 3063 ei
2204 2991 2479 3064 videtur

349 3111 425 3182 P.
470 3111 821 3203 Nigidius,
855 3132 1025 3186 cum
1070 3113 1241 3187 dicit
1285 3140 1302 3186 ε
1360 3141 1391 3179 ‹
1435 3123 1710 3188 mature
1744 3116 2080 3206 estquod
2120 3134 2356 3206 neque
2388 3115 2475 3188 ci·
2588 3134 2636 3183 L.
2672 3133 2728 3193 x,
2761 3146 2802 3182 e.
2836 3148 2903 3181 n.

348 3236 492 3309 tius
526 3245 632 3311 cst
673 3257 906 3330 neque
946 3240 1180 3312 serius
1221 3240 1347 3314 sed
1382 3225 1696 3314 medium
1732 3240 2076 3332 quiddam
2119 3248 2188 3313 et
2218 3249 2478 3332 tempe·

226 3439 235 3446 ,
351 3369 581 3434 ratum
622 3370 754 3444 est,
805 3390 837 3430 υ
885 3364 1069 3438 sicut
1109 3375 1427 3438 maturae
1460 3367 1693 3458 lruges
1736 3375 2075 3439 vocantur
2121 3385 2306 3459 quae
2359 3385 2480 3438 ne-

352 3506 494 3579 que
531 3489 794 3563 crudae
833 3508 1067 3582 neque
1098 3492 1404 3564 caducae
1443 3499 1639 3563 sunt.
1679 3491 1762 3563 Hi
1799 3500 2075 3565 mature
2104 3499 2326 3582 agunt
2353 3492 2478 3584 qui

350 3612 749 3686 industriae
813 3615 1244 3687 celeritatem
1319 3625 1389 3689 et
1432 3615 1846 3711 diligentiae
1899 3615 2314 3688 tarditatem
2370 3635 2479 3691 se·

352 3739 666 3813 cundum
740 3739 892 3811 divi
960 3741 1259 3834 Augusti
1327 3750 1827 3835 praeceptum,
1907 3742 2258 3815 adhibent
2332 3738 2428 3836 (5)
2456 3797 2473 3824 ,
2558 3758 2942 3818 L.x,c.x1,5.

350 3864 712 3956 Nigidium
753 3884 918 3958 ergo
957 3867 1296 3939 laudibus
1332 3868 1533 3941 effert
1585 3868 1855 3940 Gellius
1895 3874 1964 3940 et
2013 3866 2340 3959 quamvis
2382 3865 2479 3936 ia-

414 4090 483 4155 (l)
504 4089 643 4142 Vide
665 4089 880 4154 Teuffel,
911 4097 950 4145 t.
984 4094 1026 4154 Ι,
1057 4110 1110 4159 p.
1138 4093 1251 4152 274.
1281 4093 1391 4149 275.

414 4180 483 4245 (ἵ)
506 4183 734 4246 1bia.‚p.
763 4181 876 4234 275.

416 4271 480 4337 (3)
507 4270 589 4325 Gt.
618 4271 805 4337 Mont..
827 4274 1023 4339 Βεωίε,
1054 4274 1091 4325 1.
1127 4273 1224 4336 111,
1249 4289 1299 4327 e.
1331 4289 1383 4325 x.
