3125 4959
1576 475 1893 540 „14-

662 616 766 690 illi
802 617 1130 690 mendico
1168 623 1238 689 et
1274 617 1549 707 procaci
1582 615 1900 709 pretium
1921 616 2138 709 panis
2167 616 2476 709 triyinta
2502 616 2791 689 dierum

661 742 831 814 dare
870 742 1182 832 jussisse
1221 760 1391 813 suos
1437 768 1468 806 ‹
1507 749 1850 832 tanquam
1897 741 2228 814 homines
2270 760 2416 813 non
2449 750 2791 834 tanquam

660 866 966 939 bomini.
1008 893 1038 930 1·
1092 866 1180 937 At
1218 866 1467 956 adJicit
1508 885 1586 939 se
1628 884 1770 938 non
1815 865 2073 952 ridere,
2120 867 2304 938 sicut
2344 866 2622 938 solebat
2650 869 2795 940 Mu·

658 992 910 1064 sonius
956 989 1085 1084 (1),
1130 991 1257 1064 sed
1298 990 1689 1082 indignari,
1730 1009 1887 1062 cum
1933 990 2202 1063 videret
2238 990 2407 1061 talia
2445 991 2795 1063 animalia

655 1114 1180 1186 sanctissimum
1220 1112 1623 1207 philosophi
1673 1136 1929 1184 nomen
1982 1133 2331 1206 usurpare
2389 1135 2471 1188 ac
2520 1125 2705 1189 recle
2754 1135 2797 1188 a

658 1241 1017 1314 veteribus
1059 1240 1630 1312 Atheniensibus
1673 1241 2035 1330 provisum
2075 1240 2299 1313 fuisse
2334 1260 2422 1313 ne
2458 1242 2624 1332 quis
2665 1262 2794 1314 un-

659 1384 875 1457 quam
927 1383 1177 1438 servus
1239 1363 1609 1436 Harmodii
1664 1364 2317 1456 Aristogitonisque
2376 1367 2796 1440 nominibus

658 1490 1138 1584 appellaretur
1183 1513 1199 1559 ε
1255 1488 1449 1579 quod
1499 1487 1758 1561 imitati
1809 1497 1981 1561 sunt
2017 1496 2288 1563 veteres
2330 1492 2628 1564 Romani
2672 1493 2796 1583 qui

660 1622 980 1689 vetarent
1022 1612 1506 1706 praenomina
1551 1612 2037 1706 patriciorum
2086 1616 2562 1707 quorumdam
2612 1617 2801 1687 male

659 1740 747 1811 de
779 1762 863 1810 re
897 1713 1178 1833 publica
1207 1738 1632 1808 meritorum
1664 1739 1755 1811 ab
1791 1740 1940 1811 ullo
1974 1741 2270 1830 posthac
2298 1743 2519 1835 accipi
2557 1761 2792 1834 posse.

666 1868 861 1952 Quae
914 1864 1206 1955 quidem
1248 1871 1391 1937 tam
1435 1864 1746 1955 benigne
1800 1882 1966 1956 erga
2005 1865 2368 1938 hominem
2405 1867 2623 1956 jussit
2664 1869 2797 1940 He-

666 1991 875 2063 rodes
911 2008 1070 2063 cum
1113 1990 1259 2061 illis
1295 1989 1598 2062 conferri
1638 1996 1944 2079 possunt
1982 2008 2166 2080 quae
2200 1990 2573 2082 respondit
2603 1992 2797 2064 Aris-

665 2116 914 2188 toteles
944 2116 1273 2207 culpatus
1309 2114 1502 2206 quod
1542 2114 1886 2209 improbo,
1903 2114 2180 2206 aliquid
2218 2115 2564 2200 dedisset,
2602 2122 2673 2189 et
2704 2117 2798 2189 ad

666 2240 964 2313 verbum
1020 2241 1229 2312 vertit
1283 2241 1553 2314 Seneca
1612 2264 1629 2310 :
1701 2265 1732 2303 ‹
1782 2238 1939 2312 Non
1990 2240 2265 2313 bomini
2316 2241 2613 2324 damus,
2670 2241 2798 2314 sed

664 2363 1095 2436 humanitati
1137 2361 1270 2457 (2).
1325 2389 1358 2429 »

758 2488 914 2559 Non
972 2488 1452 2560 dubitandum
1507 2497 1616 2563 est
1669 2492 1845 2581 quin
1897 2509 1981 2564 ex
2032 2492 2298 2563 talibus
2338 2491 2795 2564 sermonibus

664 2610 1060 2703 sapientiae
1128 2610 1645 2704 dignitatisque
1713 2615 2070 2686 humanae
2136 2616 2455 2687 studium
2526 2617 2797 2689 Gellius

660 2738 1110 2820 exhauserit,
1169 2737 1571 2829 conjicique
1633 2746 1868 2829 potest
1923 2757 2084 2811 eum
2144 2737 2479 2810 Noctibus
2540 2739 2800 2812 Atticis

665 2862 932 2934 similia
972 2860 1272 2934 Herodis
1310 2870 1643 2953 excerpta
1682 2881 1840 2935 esse
1878 2862 2235 2936 imitatum
2285 2861 2415 2959 (5).

1197 3117 1270 3187 5⁰
1321 3112 1435 3184 De
1491 3112 1824 3185 Cornelio
1875 3113 2267 3186 Frontone.

766 3364 1003 3440 Minus
1042 3365 1283 3437 forsan
1333 3362 1427 3460 (4)
1468 3366 1798 3438 Cornelio
1840 3364 2209 3448 Frontoni,
2251 3364 2407 3456 ejus
2446 3365 2602 3438 aevi
2642 3365 2800 3437 rbe-

672 3492 835 3574 tori,
874 3491 1233 3583 Marcique
1265 3490 1534 3563 Aurelii
1577 3490 1942 3582 magistro,
1983 3489 2233 3564 debuit
2269 3515 2286 3562 :
2325 3489 2661 3563 laudibus
2695 3497 2798 3562 ta·

734 3745 800 3808 (l)
829 3744 1021 3807 Ruske‚
1054 3758 1105 3808 p.
1139 3744 1217 3794 50.

733 3833 804 3898 (2)
831 3829 1087 3892 Montan„
1121 3831 1311 3893 Essais,
1337 3832 1372 3882 l.
1406 3831 1503 3889 111.
1535 3847 1586 3884 e.
1616 3844 1708 3882 ιιι.
1740 3850 1765 3877 α
1795 3831 1878 3884 On
1901 3832 2205 3896 reproehoit
2231 3831 2360 3895 (dict
2382 3831 2470 3894 on)
2502 3832 2533 3880 a
2561 3830 2807 3884 Aristote

672 3920 872 3972 d'avoir
913 3922 1024 3970 este
1063 3926 1182 3985 trop
1217 3921 1660 3973 misericordieux
1686 3935 1878 3973 envers
1910 3935 1983 3971 un
2021 3922 2296 3972 meschant
2322 3922 2533 3971 homme
2567 3935 2580 3969 ε
2624 3939 2650 3967 «
2679 3917 2806 3984 J'ay

671 4013 810 4068 este,
851 4010 917 4061 de
959 4023 1093 4073 vray
1129 4010 1262 4073 (dict
1294 4010 1349 4077 il)
1386 4012 1826 4063 misericordieux
1863 4025 2051 4064 envers
2080 4011 2359 4069 l'bomme,
2392 4023 2497 4061 non
2525 4022 2717 4062 envers
2753 4010 2808 4059 la

671 4100 1058 4150 meschancete.
1088 4116 1114 4145 n
1629 4147 1636 4154 .

739 4187 805 4251 (3)
832 4186 912 4241 Cf.
943 4185 1156 4244 Friedl..
1186 4201 1267 4252 op.
1297 4190 1406 4250 cit„
1434 4204 1486 4253 p.
1523 4187 1630 4240 146.

636 4257 643 4264 ’
733 4276 802 4342 (4)
830 4275 930 4327 nis
958 4277 1274 4328 contradicit
1299 4276 1520 4341 Teuffe1,
1564 4283 1603 4328 t.
1630 4275 1728 4339 111,
1756 4292 1809 4343 p.
1840 4275 1921 4327 Ἅι.
