3125 4959
27 164 37 205 k

27 220 35 265 i

1243 466 1602 527 -105-

361 602 450 675 de
503 603 885 675 immodica
941 604 1182 694 lingua
1238 603 1450 685 dixit,
1501 604 1712 674 Tullii
1770 605 2201 676 sententiam
2265 621 2485 694 prope

361 729 674 800 referens
722 753 738 798 ι
790 755 819 791 α
874 727 1116 798 malim
1167 727 1500 818 equidem
1552 727 1976 800 indisertam
2031 716 2501 818 prudentiam

359 872 575 943 quam
619 853 907 948 stultam
949 852 1450 943 loquacitatem
1491 848 1620 946 (1).
1666 878 1696 915 ι
2563 871 2613 920 L.
2648 872 2684 933 1,
2717 884 2762 923 e.
2789 886 2875 935 xv,
2901 877 2950 921 ⁶.

460 981 560 1050 De
598 978 1067 1068 temperantia
1095 996 1308 1068 saepe
1346 977 1488 1069 egit
1519 977 1790 1049 Gellius
1828 1002 1844 1049 :
1890 977 2256 1049 censoriae
2297 996 2486 1050 seve-

361 1104 594 1175 ritatis
634 1104 957 1193 exempla
998 1121 1161 1193 erga
1201 1102 1480 1192 equites
1524 1102 1740 1173 nimis
1784 1103 2083 1193 pingues
2123 1109 2247 1173 aut
2286 1103 2492 1173 cavil-

360 1229 622 1300 latores
664 1228 1042 1317 quosdam‚
1086 1229 1276 1319 leges
1327 1248 1367 1298 a
1409 1229 1749 1299 Romanis
1802 1228 1890 1300 de
1942 1236 2234 1319 sumptu
2289 1245 2490 1298 sanc-

358 1361 497 1433 tas,
528 1353 921 1424 orationem
956 1372 1169 1443 quam
1205 1354 1279 1424 C.
1311 1354 1697 1435 Gracchus,
1730 1371 1766 1425 e
1801 1352 2131 1425 Sardinia
2172 1353 2485 1435 rediens,

360 1478 450 1549 de
492 1478 928 1568 parsimonia
968 1497 1097 1548 sua
1132 1478 1207 1547 in
1247 1479 1588 1550 concione
1624 1478 1902 1558 habuit,
1936 1478 2150 1549 verba
2181 1477 2490 1548 Socratis

360 1621 545 1692 quae
591 1602 962 1674 citavimus
1017 1604 1104 1674 de
1158 1602 1439 1675 vivendi
1496 1603 1799 1685 ratione,
1857 1604 2173 1675 convicia
2226 1602 2490 1693 quibus

360 1727 878 1805 Demosthenes
914 1734 983 1798 et
1023 1728 1448 1799 Hortensius
1489 1727 1845 1818 profligati
1887 1736 2082 1807 sunt,
2119 1734 2493 1818 praecepta

359 1854 437 1921 T.
475 1852 813 1923 Varronis
847 1851 935 1923 de
974 1850 1367 1925 educandis
1408 1850 1656 1922 liberis
1690 1850 1955 1941 quibus
1991 1851 2490 1942 impuberibus

363 1974 583 2046 nimio
644 1994 897 2046 somno
959 1975 1261 2065 ciboque
1322 1975 1724 2055 interdicit,
1780 1975 2048 2065 passim
2115 1983 2484 2047 memorat.

358 2098 835 2189 Antiquorum
904 2119 1180 2171 morum
1251 2100 1641 2171 admirator
1704 2099 1884 2170 nihil
1945 2100 2237 2191 negligit
2297 2100 2489 2189 quod

358 2224 451 2296 ad
507 2242 628 2297 eos
687 2224 994 2314 pertinet
1048 2234 1117 2296 et
1175 2233 1549 2315 praecepta
1611 2224 1868 2315 lepidis
1933 2225 2488 2296 narratiunculis

360 2348 695 2419 illustrat.

455 2474 486 2542 J
498 2471 783 2544 ustitiae
822 2473 1206 2563 imaginem
1251 2475 1488 2563 qualis
1520 2494 1561 2544 a
1603 2475 2003 2565 Chrysippo
2043 2474 2324 2565 depicta
2359 2474 2493 2546 luit

360 2614 516 2667 cum
571 2579 988 2687 descripsit,
1048 2598 1202 2688 eJus
1262 2600 1616 2688 expromit
1668 2598 2263 2689 significationem
2309 2619 2492 2690 quae

359 2738 610 2792 omnes
670 2720 963 2793 virtutes
1010 2722 1331 2813 judicum
1393 2721 1769 2814 officiaque
1825 2725 1901 2795 in
1961 2744 2038 2796 se
2105 2726 2421 2797 continet
2471 2751 2485 2795 ε

361 2847 619 2918 elatius
661 2865 873 2936 quam
918 2849 1099 2919 solet
1139 2847 1309 2920 dicit
1349 2857 1676 2940 oportere
1711 2850 2021 2941 judicem
2071 2878 2098 2914 α
2141 2869 2299 2923 esse
2338 2870 2492 2942 gra·

361 2988 544 3053 vem,
594 2979 948 3051 sanctum,
994 2990 1354 3053 severum,
1403 2972 1933 3063 incorruptum,
1972 2973 2487 3045 inadulabilem

361 3103 749 3185 contraque
790 3096 1156 3186 improbos
1198 3104 1680 3187 nocentesque
1715 3096 2352 3170 immisericordem
2386 3106 2488 3169 at-

362 3239 502 3310 que
556 3218 1069 3292 inexorabilem
1121 3229 1578 3312 erectumque
1633 3229 1701 3294 et
1752 3221 2054 3293 arduum
2098 3241 2182 3293 ac
2233 3228 2483 3312 poten-

361 3350 546 3425 tem,
622 3345 687 3415 vi
744 3352 813 3417 et
881 3346 1249 3435 majestate
1318 3346 1700 3435 aequitatis
1765 3346 2222 3437 veritatisque
2285 3348 2487 3419 terri-

362 3469 599 3539 ficum.
648 3495 677 3531 ιο
2573 3494 2622 3543 L.
2657 3493 2773 3553 xw,
2806 3506 2847 3541 ο.
2878 3507 2945 3541 1v.

463 3592 839 3684 peregrino
899 3594 1075 3666 duce
1131 3603 1200 3667 et
1246 3596 1533 3679 stoiciS‚
1572 3596 1764 3688 justi
1812 3595 2205 3691 honestique
2261 3597 2490 3669 studio

361 3718 593 3789 solum
664 3736 805 3789 non
857 3737 1130 3817 poenae
1183 3740 1396 3800 causa
1465 3728 1828 3812 peccatum
1894 3722 2261 3794 vitandum
2330 3735 2489 3795 cen*

360 3849 468 3914 set
512 3840 642 3940 (2).
685 3845 979 3933 Legem,
1027 3846 1400 3916 nonnullis
1440 3848 1512 3916 in
1560 3847 1775 3927 locis,
1830 3847 1953 3919 sed
1993 3848 2489 3937 jnrisconsulti
2546 3857 2600 3905 L·
2632 3856 2688 3919 X.
2721 3870 2763 3908 c·
2795 3870 2879 3905 xx·
2915 3882 2973 3890 —

2583 3920 2681 3983 XV,
2714 3934 2754 3969 c.
2785 3932 2938 3968 xxvu.

423 4068 491 4133 (1)
518 4067 658 4129 Cic„
693 4072 756 4119 De
787 4080 945 4132 orat.,
977 4072 1086 4133 111,
1126 4074 1183 4121 35
1225 4093 1234 4119 :
1274 4092 1291 4119 ι(
1326 4071 1504 4123 Malim
1540 4075 1780 4136 equidem
1818 4075 2123 4123 indisertam
2156 4075 2488 4148 prudentiam

358 4173 514 4221 quam
542 4161 818 4210 stultitiam
850 4162 1139 4224 loquacem.
1175 4180 1198 4206 »

421 4248 486 4313 (2)
520 4247 598 4302 Cf.
632 4248 759 4313 Cio„
793 4251 861 4300 De
888 4250 1019 4314 Lep„
1055 4252 1097 4312 1,
1136 4251 1206 4301 18.
