3125 4959
154 623 204 672 L.
239 621 399 682 xv111,
431 633 474 670 c.
504 633 536 672 ι.

76 1557 83 1562 .
133 1490 559 1550 L.xvltt‚c.1‚14.

186 2623 235 2671 t..
272 2621 324 2683 V,
357 2634 401 2672 c.
431 2634 499 2669 χι.

130 3238 177 3290 L.
203 3237 260 3300 ll,
285 3251 325 3288 c.
348 3251 451 3298 xw,
481 3241 555 3289 12.

1517 458 1837 520 ...26-

613 594 735 666 bus
799 618 936 665 non
1002 593 1463 666 incelebribzts
1524 595 1603 663 in
1681 593 1867 664 Urbe
1935 593 2170 665 Roma
2243 598 2699 689 philosophis
2732 652 2747 678 ‚

615 739 921 812 quorum
962 739 1152 792 unus
1206 727 1355 792 erat
1396 720 1910 813 peripateticae
1955 720 2372 814 disciplinae
2408 729 2749 805 sectator,

613 846 792 915 alter
826 847 1126 928 stoicae,
1174 846 1617 919 familiariter
1663 854 1976 918 utentem
2025 847 2393 919 videamus
2442 846 2571 941 (1).
2620 851 2752 919 Eo-

615 992 772 1043 rum
811 979 1050 1044 tamen
1092 973 1564 1063 disputationi
1608 971 1696 1044 de
1736 974 1993 1045 virtute
2033 991 2190 1044 cum
2236 975 2642 1055 interesset,
2675 974 2751 1045 in

614 1097 914 1169 stoicum
957 1098 1197 1189 potius
1241 1098 1587 1169 inclinare
1630 1098 1908 1169 videtur
1951 1123 1967 1168 ε
2026 1125 2057 1162 ι
2095 1098 2374 1181 VirtUS,
2418 1100 2558 1186 ait,
2603 1118 2750 1170 non

615 1223 926 1294 accessio
993 1241 1226 1314 neque
1299 1222 1879 1312 supplementum
1946 1222 2068 1295 sed
2129 1224 2282 1294 sola
2346 1224 2505 1314 ipsa
2569 1223 2755 1295 vitae

615 1346 865 1420 beatae
923 1348 1152 1419 instar
1206 1354 1314 1418 est
1369 1372 1385 1416 ε
1433 1355 1499 1418 et
1555 1356 1931 1437 propterea
1992 1348 2272 1419 beatam
2326 1349 2539 1419 vitam
2597 1349 2756 1439 ipsa

619 1473 772 1543 sola
811 1492 983 1553 una,
1029 1491 1188 1543 cum
1230 1471 1458 1552 adest,
1491 1472 1678 1542 lacit.
1724 1500 1752 1534 n
1800 1473 2003 1558 Quod
2047 1473 2257 1544 uobis
2301 1492 2443 1544 non
2490 1473 2752 1545 mirum

619 1597 1003 1679 videbitur,
1038 1598 1097 1668 si
1140 1605 1550 1688 reputemus
1585 1597 2021 1670 Carneadem
2055 1598 2537 1670 academicum
2570 1601 2753 1671 Stoi·

617 1741 859 1794 corum
899 1722 1383 1813 disciplinam,
1418 1740 1563 1792 non
1597 1722 1928 1794 virtutem
1964 1725 2384 1795 insectatum
2421 1742 2579 1796 esse
2617 1722 2748 1819 (2).

713 1848 865 1919 Non
911 1815 1154 1918 {ninus
1194 1848 1281 1918 ad
1325 1847 1627 1919 ethicam
1678 1867 1891 1937 quam
1934 1848 2023 1918 ad
2064 1848 2500 1921 dialecticam
2544 1869 2750 1940 spec·⁶

618 1981 772 2046 tant
810 1992 891 2045 ea
932 1974 1198 2065 quibus
1238 1974 1631 2044 Favorinus
1673 1974 1944 2045 Biantis
1984 1983 2481 2065 argumentum
2522 1975 2757 2046 utrin-

617 2119 757 2191 que
798 2099 1062 2172 seriens
1105 2099 1507 2181 refellebat,
1549 2099 1795 2170 dicens
1843 2101 2029 2171 inter
2066 2098 2642 2191 pulcherrimam
2684 2105 2758 2170 et

614 2224 1222 2320 deformissimam
1260 2224 1596 2300 ,feminae
1663 2224 1959 2295 sormam
2031 2226 2377 2297 interesse
2440 2225 2751 2297 mediam

617 2350 1004 2441 quamdam
1040 2369 1255 2439 quam
1294 2347 1632 2418 uoeore‘am
1670 2349 1852 2440 ipse,
1891 2349 2169 2420 Ennius
2208 2355 2465 2419 statam
2510 2351 2754 2440 appel-

615 2473 852 2555 labat,
912 2492 1055 2563 qua
1102 2491 1286 2562 quae
1334 2473 1696 2563 praeditae
1749 2482 1953 2558 sunt,
2014 2474 2354 2545 incolumi
2410 2474 2756 2565 pudicitia

616 2616 775 2671 esse
815 2597 1295 2670 contendebat
1341 2595 1460 2691 (5).
2435 2657 2442 2662 .

717 2723 1033 2794 Plurima
1070 2723 1281 2795 etiam
1336 2724 1410 2794 in
1472 2722 1687 2795 rebus
1728 2723 2059 2813 gerendis
2102 2723 2520 2795 auctoritate
2558 2724 2754 2815 apud

616 2848 924 2920 Gellium
968 2847 1245 2920 valebat
1285 2848 1438 2938 qui,
1478 2866 1560 2924 eo
1604 2847 1808 2944 duce,
1858 2847 1918 2918 si
1960 2847 2047 2919 de
2088 2847 2163 2918 re
2203 2846 2479 2938 difficili
2518 2848 2751 2920 ambi-

614 2982 852 3068 geret,
898 2975 1257 3046 utebatur.
1305 2976 1420 3045 Sic
1459 2993 1619 3048 eum
1674 2974 1981 3063 quadam
2026 2974 2181 3058 die,
2229 2982 2515 3065 propter
2548 2976 2750 3047 anci-

614 3101 835 3192 pitem
882 3101 1413 3172 contentionem
1454 3100 1528 3169 in
1562 3117 1705 3190 qua
1745 3099 2121 3181 haerebat,
2168 3098 2257 3170 de
2290 3099 2552 3189 jndicis
2588 3100 2751 3171 offi-

615 3227 744 3298 ciis
784 3227 1270 3316 interrogavit.
1316 3224 1566 3320 Specie
1613 3222 1811 3292 tenui
1841 3244 2210 3315 parvaque
2250 3243 2360 3295 res
2401 3223 2750 3295 Favorino

615 3350 990 3424 videbatur
1024 3369 1156 3422 nec
1185 3352 1594 3440 ejus-causa
1631 3349 1873 3421 omnia
1897 3348 2160 3438 judicis
2198 3348 2427 3448 officia
2465 3368 2750 3440 percur-

612 3475 838 3549 renda
891 3474 1266 3556 censebat;
1322 3482 1393 3545 at
1447 3474 1883 3563 quibusdam
1946 3474 2331 3563 propositis
2382 3475 2751 3563 quaestio-

612 3600 830 3673 nibus
869 3607 938 3672 et
985 3598 1530 3681 controversiis,
1578 3598 2157 3671 Academicorum
2208 3617 2444 3684 more,
2501 3607 2745 3689 poste·
2827 3691 2834 3696 ἱ

612 3727 762 3799 rius
801 3745 947 3800 rem
981 3724 1423 3798 tractandam
1456 3724 1749 3813 reliquit
1780 3732 1874 3806 et,
1911 3724 2103 3814 quod
2132 3723 2224 3796 ad
2256 3724 2748 3798 difficultatem

674 3997 737 4060 (l)
771 3993 853 4046 ct.
886 3991 1275 4057 Friedlacnder,
1305 4009 1385 4059 op.
1419 3995 1526 4048 cit..
1558 4008 1611 4057 p.
1639 3990 1748 4042 395.

673 4086 740 4150 (2)
775 4085 859 4138 Cr.
892 4084 1181 4145 Brochard,
1207 4098 1289 4149 op.
1318 4084 1428 4144 cit„
1460 4097 1511 4146 p.
1552 4080 1653 4131 162.

675 4176 745 4238 (³)
775 4174 1035 4226 Infitiatur
1071 4176 1202 4225 baec
1238 4176 1398 4230 verba
1423 4185 1539 4224 esse
1568 4169 1772 4220 Biantis
1796 4169 1898 4219 Ad.
1927 4168 2166 4230 Garnier,
2193 4170 2380 4221 Horale
2402 4172 2535 4221 dans
2566 4170 2749 4222 t'anei-

610 4265 768 4328 quite,
799 4278 850 4327 p.
882 4263 960 4314 31.
