<?xml version="1.0" encoding="UTF-8"?>
<!DOCTYPE html PUBLIC "-//W3C//DTD XHTML 1.0 Transitional//EN"
    "http://www.w3.org/TR/xhtml1/DTD/xhtml1-transitional.dtd">
<html xmlns="http://www.w3.org/1999/xhtml" xml:lang="en" lang="en">
 <head>
  <title>
</title>
<meta http-equiv="Content-Type" content="text/html;charset=utf-8" />
  <meta name='ocr-system' content='tesseract 3.04.00' />
  <meta name='ocr-capabilities' content='ocr_page ocr_carea ocr_par ocr_line ocrx_word'/>
</head>
<body>
  <div class='ocr_page' id='page_1' title='image "./aulusgelliusqua00dewagoog_0017.png"; bbox 0 0 3125 4959; ppageno 0'>
   <div class='ocr_carea' id='block_1_1' title="bbox 1263 517 1544 595">
    <p class='ocr_par' dir='ltr' id='par_1_1' title="bbox 1263 517 1544 595">
     <span class='ocr_line' id='line_1_1' title="bbox 1263 517 1544 595; baseline -0.004 -16"><span class='ocrx_word' id='word_1_1' title='bbox 1263 517 1544 595; x_wconf 74' lang='lat'>...3-</span> 
     </span>
    </p>
   </div>
   <div class='ocr_carea' id='block_1_2' title="bbox 344 665 2488 3008">
    <p class='ocr_par' dir='ltr' id='par_1_2' title="bbox 344 665 2474 1137">
     <span class='ocr_line' id='line_1_2' title="bbox 344 665 2466 765; baseline -0.005 -17"><span class='ocrx_word' id='word_1_2' title='bbox 344 694 506 750; x_wconf 89' lang='lat' dir='ltr'>vere</span> <span class='ocrx_word' id='word_1_3' title='bbox 578 673 925 765; x_wconf 88' lang='lat' dir='ltr'>sapientis</span> <span class='ocrx_word' id='word_1_4' title='bbox 991 678 1231 744; x_wconf 89' lang='lat' dir='ltr'>votum</span> <span class='ocrx_word' id='word_1_5' title='bbox 1262 725 1279 752; x_wconf 92' lang='lat'><strong>,</strong></span> <span class='ocrx_word' id='word_1_6' title='bbox 1356 690 1499 761; x_wconf 92' lang='lat' dir='ltr'>quo</span> <span class='ocrx_word' id='word_1_7' title='bbox 1577 669 1933 761; x_wconf 83' lang='lat' dir='ltr'>epilogum</span> <span class='ocrx_word' id='word_1_8' title='bbox 2012 665 2371 741; x_wconf 81' lang='lat' dir='ltr'>concludit</span> <span class='ocrx_word' id='word_1_9' title='bbox 2449 685 2466 737; x_wconf 83' lang='lat'>:¹</span> 
     </span>
     <span class='ocr_line' id='line_1_3' title="bbox 357 793 2468 889; baseline -0.001 -24"><span class='ocrx_word' id='word_1_10' title='bbox 357 829 388 865; x_wconf 75' lang='grc' dir='ltr'>ι</span> <span class='ocrx_word' id='word_1_11' title='bbox 424 801 669 889; x_wconf 83' lang='lat' dir='ltr'>Neque</span> <span class='ocrx_word' id='word_1_12' title='bbox 706 797 1028 888; x_wconf 81' lang='lat' dir='ltr'>longiora</span> <span class='ocrx_word' id='word_1_13' title='bbox 1066 796 1240 866; x_wconf 91' lang='lat' dir='ltr'>mihi</span> <span class='ocrx_word' id='word_1_14' title='bbox 1279 794 1430 866; x_wconf 89' lang='lat' dir='ltr'>dari</span> <span class='ocrx_word' id='word_1_15' title='bbox 1471 795 1702 885; x_wconf 87' lang='lat' dir='ltr'>spatia</span> <span class='ocrx_word' id='word_1_16' title='bbox 1741 793 2024 865; x_wconf 91' lang='lat' dir='ltr'>vivendi</span> <span class='ocrx_word' id='word_1_17' title='bbox 2064 795 2219 864; x_wconf 90' lang='lat' dir='ltr'>volo</span> <span class='ocrx_word' id='word_1_18' title='bbox 2256 812 2468 883; x_wconf 89' lang='lat' dir='ltr'>quam</span> 
     </span>
     <span class='ocr_line' id='line_1_4' title="bbox 347 917 2474 1011; baseline -0.005 -13"><span class='ocrx_word' id='word_1_19' title='bbox 347 926 517 998; x_wconf 92' lang='lat' dir='ltr'>dum</span> <span class='ocrx_word' id='word_1_20' title='bbox 558 942 678 995; x_wconf 90' lang='lat' dir='ltr'>ero</span> <span class='ocrx_word' id='word_1_21' title='bbox 725 922 817 993; x_wconf 92' lang='lat' dir='ltr'>ad</span> <span class='ocrx_word' id='word_1_22' title='bbox 856 922 1042 992; x_wconf 88' lang='lat' dir='ltr'>hanc</span> <span class='ocrx_word' id='word_1_23' title='bbox 1080 939 1370 1011; x_wconf 91' lang='lat' dir='ltr'>quoque</span> <span class='ocrx_word' id='word_1_24' title='bbox 1419 919 1823 991; x_wconf 80' lang='lat' dir='ltr'>facultatem</span> <span class='ocrx_word' id='word_1_25' title='bbox 1873 917 2232 990; x_wconf 89' lang='lat' dir='ltr'>scribendi</span> <span class='ocrx_word' id='word_1_26' title='bbox 2283 937 2474 989; x_wconf 90' lang='lat' dir='ltr'>com-</span> 
     </span>
     <span class='ocr_line' id='line_1_5' title="bbox 347 1037 1756 1137; baseline -0.007 -17"><span class='ocrx_word' id='word_1_27' title='bbox 347 1046 863 1137; x_wconf 88' lang='lat' dir='ltr'>mentandique</span> <span class='ocrx_word' id='word_1_28' title='bbox 906 1045 1239 1117; x_wconf 88' lang='lat' dir='ltr'>idoneus.</span> <span class='ocrx_word' id='word_1_29' title='bbox 1285 1071 1315 1108; x_wconf 74' lang='lat'>1·</span> <span class='ocrx_word' id='word_1_30' title='bbox 1753 1037 1756 1038; x_wconf 36' lang='lat'><em>*</em></span> 
     </span>
    </p>

    <p class='ocr_par' dir='ltr' id='par_1_3' title="bbox 345 1167 2473 1637">
     <span class='ocr_line' id='line_1_6' title="bbox 445 1167 2473 1266; baseline -0.004 -21"><span class='ocrx_word' id='word_1_31' title='bbox 445 1176 925 1262; x_wconf 81' lang='lat' dir='ltr'>Quaecunque</span> <span class='ocrx_word' id='word_1_32' title='bbox 983 1171 1171 1243; x_wconf 84' lang='lat' dir='ltr'>inter</span> <span class='ocrx_word' id='word_1_33' title='bbox 1228 1171 1389 1241; x_wconf 85' lang='lat' dir='ltr'>illas</span> <span class='ocrx_word' id='word_1_34' title='bbox 1451 1168 1970 1266; x_wconf 78' lang='lat' dir='ltr'>memoriarum</span> <span class='ocrx_word' id='word_1_35' title='bbox 2032 1167 2473 1238; x_wconf 79' lang='lat' dir='ltr'>delectatiun-</span> 
     </span>
     <span class='ocr_line' id='line_1_7' title="bbox 345 1293 2470 1390; baseline -0.002 -22"><span class='ocrx_word' id='word_1_36' title='bbox 345 1296 539 1368; x_wconf 81' lang='lat' dir='ltr'>culas</span> <span class='ocrx_word' id='word_1_37' title='bbox 585 1293 678 1390; x_wconf 84' lang='lat'>(1)</span> <span class='ocrx_word' id='word_1_38' title='bbox 729 1294 820 1367; x_wconf 90' lang='lat' dir='ltr'>ad</span> <span class='ocrx_word' id='word_1_39' title='bbox 862 1295 1393 1386; x_wconf 84' lang='lat' dir='ltr'>philosophiam</span> <span class='ocrx_word' id='word_1_40' title='bbox 1436 1294 1794 1386; x_wconf 87' lang='lat' dir='ltr'>pertinere</span> <span class='ocrx_word' id='word_1_41' title='bbox 1836 1294 1985 1365; x_wconf 90' lang='lat' dir='ltr'>visa</span> <span class='ocrx_word' id='word_1_42' title='bbox 2024 1303 2195 1366; x_wconf 91' lang='lat' dir='ltr'>sunt</span> <span class='ocrx_word' id='word_1_43' title='bbox 2232 1312 2470 1366; x_wconf 82' lang='lat' dir='ltr'>excer-</span> 
     </span>
     <span class='ocr_line' id='line_1_8' title="bbox 348 1417 2472 1514; baseline -0.002 -20"><span class='ocrx_word' id='word_1_44' title='bbox 348 1440 515 1514; x_wconf 88' lang='lat' dir='ltr'>pere</span> <span class='ocrx_word' id='word_1_45' title='bbox 553 1419 751 1493; x_wconf 89' lang='lat' dir='ltr'>etad</span> <span class='ocrx_word' id='word_1_46' title='bbox 790 1439 1110 1491; x_wconf 86' lang='lat' dir='ltr'>summas</span> <span class='ocrx_word' id='word_1_47' title='bbox 1160 1438 1272 1492; x_wconf 91' lang='lat' dir='ltr'>res</span> <span class='ocrx_word' id='word_1_48' title='bbox 1325 1420 1658 1491; x_wconf 88' lang='lat' dir='ltr'>reducere</span> <span class='ocrx_word' id='word_1_49' title='bbox 1712 1426 2009 1491; x_wconf 91' lang='lat' dir='ltr'>conatus</span> <span class='ocrx_word' id='word_1_50' title='bbox 2059 1437 2219 1490; x_wconf 90' lang='lat' dir='ltr'>sum</span> <span class='ocrx_word' id='word_1_51' title='bbox 2277 1443 2291 1486; x_wconf 91' lang='lat'>:</span> <span class='ocrx_word' id='word_1_52' title='bbox 2350 1417 2472 1509; x_wconf 91' lang='lat' dir='ltr'>qui</span> 
     </span>
     <span class='ocr_line' id='line_1_9' title="bbox 348 1544 1519 1637; baseline -0.003 -19"><span class='ocrx_word' id='word_1_53' title='bbox 348 1547 483 1619; x_wconf 80' lang='lat' dir='ltr'>fuit</span> <span class='ocrx_word' id='word_1_54' title='bbox 520 1547 735 1637; x_wconf 75' lang='lat' dir='ltr'>huJus</span> <span class='ocrx_word' id='word_1_55' title='bbox 775 1545 1288 1636; x_wconf 84' lang='lat' dir='ltr'>disputationis</span> <span class='ocrx_word' id='word_1_56' title='bbox 1323 1544 1519 1616; x_wconf 80' lang='lat' dir='ltr'>finis,</span> 
     </span>
    </p>

    <p class='ocr_par' dir='ltr' id='par_1_4' title="bbox 349 1668 2488 3008">
     <span class='ocr_line' id='line_1_10' title="bbox 449 1668 2479 1761; baseline -0.001 -18"><span class='ocrx_word' id='word_1_57' title='bbox 449 1671 669 1761; x_wconf 89' lang='lat' dir='ltr'>Cujus</span> <span class='ocrx_word' id='word_1_58' title='bbox 723 1669 858 1742; x_wconf 89' lang='lat' dir='ltr'>erit</span> <span class='ocrx_word' id='word_1_59' title='bbox 907 1670 1040 1741; x_wconf 88' lang='lat' dir='ltr'>hoc</span> <span class='ocrx_word' id='word_1_60' title='bbox 1089 1670 1533 1760; x_wconf 91' lang='lat' dir='ltr'>propositum</span> <span class='ocrx_word' id='word_1_61' title='bbox 1580 1677 1650 1740; x_wconf 90' lang='lat' dir='ltr'>et</span> <span class='ocrx_word' id='word_1_62' title='bbox 1695 1668 1871 1741; x_wconf 91' lang='lat' dir='ltr'>ordo</span> <span class='ocrx_word' id='word_1_63' title='bbox 1925 1695 1941 1741; x_wconf 74' lang='grc' dir='ltr'>ε</span> <span class='ocrx_word' id='word_1_64' title='bbox 2000 1670 2336 1761; x_wconf 89' lang='lat' dir='ltr'>incipiam</span> <span class='ocrx_word' id='word_1_65' title='bbox 2388 1671 2479 1741; x_wconf 91' lang='lat' dir='ltr'>ab</span> 
     </span>
     <span class='ocr_line' id='line_1_11' title="bbox 349 1795 2478 1887; baseline 0 -19"><span class='ocrx_word' id='word_1_66' title='bbox 349 1796 513 1868; x_wconf 82' lang='lat' dir='ltr'>Auli</span> <span class='ocrx_word' id='word_1_67' title='bbox 545 1796 752 1867; x_wconf 89' lang='lat' dir='ltr'>Gellii</span> <span class='ocrx_word' id='word_1_68' title='bbox 793 1795 1151 1887; x_wconf 83' lang='lat' dir='ltr'>magistris</span> <span class='ocrx_word' id='word_1_69' title='bbox 1187 1795 1788 1887; x_wconf 89' lang='lat' dir='ltr'>philosophisque</span> <span class='ocrx_word' id='word_1_70' title='bbox 1822 1798 1929 1869; x_wconf 92' lang='lat' dir='ltr'>vel</span> <span class='ocrx_word' id='word_1_71' title='bbox 1971 1797 2478 1869; x_wconf 88' lang='lat' dir='ltr'>vetustioribus</span> 
     </span>
     <span class='ocr_line' id='line_1_12' title="bbox 351 1919 2479 2011; baseline 0 -19"><span class='ocrx_word' id='word_1_72' title='bbox 351 1922 461 1993; x_wconf 85' lang='lat' dir='ltr'>vel</span> <span class='ocrx_word' id='word_1_73' title='bbox 503 1919 1018 1992; x_wconf 90' lang='lat' dir='ltr'>recentioribus</span> <span class='ocrx_word' id='word_1_74' title='bbox 1049 1921 1621 2011; x_wconf 86' lang='lat' dir='ltr'>aequalibusque</span> <span class='ocrx_word' id='word_1_75' title='bbox 1649 1921 1880 2011; x_wconf 90' lang='lat' dir='ltr'>ipsius</span> <span class='ocrx_word' id='word_1_76' title='bbox 1913 1940 2218 2011; x_wconf 90' lang='lat' dir='ltr'>quorum</span> <span class='ocrx_word' id='word_1_77' title='bbox 2260 1940 2298 1994; x_wconf 92' lang='lat' dir='ltr'>e</span> <span class='ocrx_word' id='word_1_78' title='bbox 2330 1922 2479 1993; x_wconf 81' lang='lat' dir='ltr'>fon-</span> 
     </span>
     <span class='ocr_line' id='line_1_13' title="bbox 354 2041 2478 2138; baseline 0 -22"><span class='ocrx_word' id='word_1_79' title='bbox 354 2045 547 2118; x_wconf 88' lang='lat' dir='ltr'>tibus</span> <span class='ocrx_word' id='word_1_80' title='bbox 588 2045 911 2116; x_wconf 83' lang='lat' dir='ltr'>hauserit</span> <span class='ocrx_word' id='word_1_81' title='bbox 956 2041 1085 2138; x_wconf 78' lang='lat'>(2),</span> <span class='ocrx_word' id='word_1_82' title='bbox 1126 2045 1370 2116; x_wconf 90' lang='lat' dir='ltr'>minus</span> <span class='ocrx_word' id='word_1_83' title='bbox 1409 2052 1486 2116; x_wconf 86' lang='lat' dir='ltr'>ut</span> <span class='ocrx_word' id='word_1_84' title='bbox 1529 2063 1652 2117; x_wconf 91' lang='lat' dir='ltr'>eos</span> <span class='ocrx_word' id='word_1_85' title='bbox 1692 2063 2059 2119; x_wconf 91' lang='lat' dir='ltr'>numerem</span> <span class='ocrx_word' id='word_1_86' title='bbox 2101 2054 2169 2116; x_wconf 91' lang='lat' dir='ltr'>et</span> <span class='ocrx_word' id='word_1_87' title='bbox 2208 2052 2478 2136; x_wconf 91' lang='lat' dir='ltr'>tempo-</span> 
     </span>
     <span class='ocr_line' id='line_1_14' title="bbox 355 2165 2477 2261; baseline 0.001 -23"><span class='ocrx_word' id='word_1_88' title='bbox 355 2186 511 2239; x_wconf 90' lang='lat' dir='ltr'>rum</span> <span class='ocrx_word' id='word_1_89' title='bbox 568 2167 825 2239; x_wconf 86' lang='lat' dir='ltr'>seriem</span> <span class='ocrx_word' id='word_1_90' title='bbox 881 2185 1140 2258; x_wconf 88' lang='lat' dir='ltr'>sequar</span> <span class='ocrx_word' id='word_1_91' title='bbox 1201 2165 1340 2261; x_wconf 79' lang='lat'>(5),</span> <span class='ocrx_word' id='word_1_92' title='bbox 1392 2167 1804 2258; x_wconf 89' lang='lat' dir='ltr'>citandique</span> <span class='ocrx_word' id='word_1_93' title='bbox 1863 2168 2211 2240; x_wconf 89' lang='lat' dir='ltr'>rationem</span> <span class='ocrx_word' id='word_1_94' title='bbox 2267 2169 2477 2240; x_wconf 87' lang='lat' dir='ltr'>aesti-</span> 
     </span>
     <span class='ocr_line' id='line_1_15' title="bbox 354 2287 2481 2386; baseline 0.001 -24"><span class='ocrx_word' id='word_1_95' title='bbox 354 2309 541 2364; x_wconf 91' lang='lat' dir='ltr'>mem</span> <span class='ocrx_word' id='word_1_96' title='bbox 593 2289 730 2386; x_wconf 72' lang='lat'><strong>(4),</strong></span> <span class='ocrx_word' id='word_1_97' title='bbox 792 2292 986 2382; x_wconf 91' lang='lat' dir='ltr'>quod</span> <span class='ocrx_word' id='word_1_98' title='bbox 1038 2291 1160 2362; x_wconf 89' lang='lat' dir='ltr'>alii</span> <span class='ocrx_word' id='word_1_99' title='bbox 1210 2292 1562 2374; x_wconf 81' lang='lat' dir='ltr'>fecerunt,</span> <span class='ocrx_word' id='word_1_100' title='bbox 1616 2310 1831 2383; x_wconf 90' lang='lat' dir='ltr'>quam</span> <span class='ocrx_word' id='word_1_101' title='bbox 1874 2299 1953 2365; x_wconf 91' lang='lat' dir='ltr'>ut</span> <span class='ocrx_word' id='word_1_102' title='bbox 1986 2293 2258 2383; x_wconf 88' lang='lat' dir='ltr'>judicia</span> <span class='ocrx_word' id='word_1_103' title='bbox 2297 2287 2481 2384; x_wconf 68' lang='lat' dir='ltr'>Quae</span> 
     </span>
     <span class='ocr_line' id='line_1_16' title="bbox 357 2416 2483 2508; baseline 0 -20"><span class='ocrx_word' id='word_1_104' title='bbox 357 2416 445 2488; x_wconf 94' lang='lat' dir='ltr'>de</span> <span class='ocrx_word' id='word_1_105' title='bbox 500 2416 592 2489; x_wconf 92' lang='lat' dir='ltr'>iis</span> <span class='ocrx_word' id='word_1_106' title='bbox 641 2416 805 2489; x_wconf 88' lang='lat' dir='ltr'>tulit</span> <span class='ocrx_word' id='word_1_107' title='bbox 853 2416 1152 2488; x_wconf 78' lang='lat' dir='ltr'>referam</span> <span class='ocrx_word' id='word_1_108' title='bbox 1208 2423 1278 2489; x_wconf 92' lang='lat' dir='ltr'>et</span> <span class='ocrx_word' id='word_1_109' title='bbox 1322 2416 1763 2507; x_wconf 82' lang='lat' dir='ltr'>expendam;</span> <span class='ocrx_word' id='word_1_110' title='bbox 1819 2417 2164 2508; x_wconf 87' lang='lat' dir='ltr'>expositis</span> <span class='ocrx_word' id='word_1_111' title='bbox 2221 2416 2483 2489; x_wconf 91' lang='lat' dir='ltr'>deinde</span> 
     </span>
     <span class='ocr_line' id='line_1_17' title="bbox 358 2541 2477 2633; baseline 0.001 -20"><span class='ocrx_word' id='word_1_112' title='bbox 358 2560 540 2632; x_wconf 81' lang='lat' dir='ltr'>quae</span> <span class='ocrx_word' id='word_1_113' title='bbox 594 2541 681 2614; x_wconf 92' lang='lat' dir='ltr'>de</span> <span class='ocrx_word' id='word_1_114' title='bbox 729 2543 970 2614; x_wconf 84' lang='lat' dir='ltr'>anima</span> <span class='ocrx_word' id='word_1_115' title='bbox 1017 2543 1445 2633; x_wconf 88' lang='lat' dir='ltr'>animaeque</span> <span class='ocrx_word' id='word_1_116' title='bbox 1491 2542 1767 2614; x_wconf 85' lang='lat' dir='ltr'>viribus</span> <span class='ocrx_word' id='word_1_117' title='bbox 1809 2549 1933 2614; x_wconf 92' lang='lat' dir='ltr'>aut</span> <span class='ocrx_word' id='word_1_118' title='bbox 1980 2543 2477 2628; x_wconf 80' lang='lat' dir='ltr'>facultatibuS‚</span> 
     </span>
     <span class='ocr_line' id='line_1_18' title="bbox 356 2665 2484 2758; baseline 0.001 -21"><span class='ocrx_word' id='word_1_119' title='bbox 356 2665 447 2738; x_wconf 94' lang='lat' dir='ltr'>de</span> <span class='ocrx_word' id='word_1_120' title='bbox 498 2666 990 2749; x_wconf 89' lang='lat' dir='ltr'>naturalibus,</span> <span class='ocrx_word' id='word_1_121' title='bbox 1057 2667 1302 2758; x_wconf 88' lang='lat' dir='ltr'>logicis</span> <span class='ocrx_word' id='word_1_122' title='bbox 1351 2667 1891 2758; x_wconf 90' lang='lat' dir='ltr'>moralibusque</span> <span class='ocrx_word' id='word_1_123' title='bbox 1936 2667 2484 2757; x_wconf 80' lang='lat' dir='ltr'>quaestionibus</span> 
     </span>
     <span class='ocr_line' id='line_1_19' title="bbox 358 2788 2488 2882; baseline 0.001 -22"><span class='ocrx_word' id='word_1_124' title='bbox 358 2788 638 2879; x_wconf 89' lang='lat' dir='ltr'>opinari</span> <span class='ocrx_word' id='word_1_125' title='bbox 680 2789 1040 2873; x_wconf 90' lang='lat' dir='ltr'>videatur,</span> <span class='ocrx_word' id='word_1_126' title='bbox 1087 2809 1301 2882; x_wconf 90' lang='lat' dir='ltr'>quam</span> <span class='ocrx_word' id='word_1_127' title='bbox 1344 2791 1435 2862; x_wconf 89' lang='lat' dir='ltr'>ad</span> <span class='ocrx_word' id='word_1_128' title='bbox 1489 2791 1885 2863; x_wconf 83' lang='lat' dir='ltr'>doctrinam</span> <span class='ocrx_word' id='word_1_129' title='bbox 1931 2791 2380 2863; x_wconf 89' lang='lat' dir='ltr'>inclinaverit</span> <span class='ocrx_word' id='word_1_130' title='bbox 2418 2800 2488 2863; x_wconf 90' lang='lat' dir='ltr'>et</span> 
     </span>
     <span class='ocr_line' id='line_1_20' title="bbox 359 2913 2364 3008; baseline 0.001 -24"><span class='ocrx_word' id='word_1_131' title='bbox 359 2913 557 3003; x_wconf 90' lang='lat' dir='ltr'>quali</span> <span class='ocrx_word' id='word_1_132' title='bbox 595 2914 809 2986; x_wconf 81' lang='lat' dir='ltr'>fuerit</span> <span class='ocrx_word' id='word_1_133' title='bbox 843 2914 1113 3002; x_wconf 88' lang='lat' dir='ltr'>indole,</span> <span class='ocrx_word' id='word_1_134' title='bbox 1153 2916 1217 2987; x_wconf 92' lang='lat' dir='ltr'>si</span> <span class='ocrx_word' id='word_1_135' title='bbox 1256 2924 1583 3008; x_wconf 89' lang='lat' dir='ltr'>potuero,</span> <span class='ocrx_word' id='word_1_136' title='bbox 1628 2915 2051 2988; x_wconf 90' lang='lat' dir='ltr'>disserendo</span> <span class='ocrx_word' id='word_1_137' title='bbox 2087 2914 2364 2987; x_wconf 89' lang='lat' dir='ltr'>finiam.</span> 
     </span>
    </p>
   </div>
   <div class='ocr_carea' id='block_1_3' title="bbox 359 3164 2491 3860">
    <p class='ocr_par' dir='ltr' id='par_1_5' title="bbox 359 3164 2491 3398">
     <span class='ocr_line' id='line_1_21' title="bbox 359 3164 2485 3233; baseline 0 -16"><span class='ocrx_word' id='word_1_138' title='bbox 359 3174 498 3230; x_wconf 65' lang='lat' dir='ltr'>gusta</span> <span class='ocrx_word' id='word_1_139' title='bbox 526 3166 560 3215; x_wconf 81' lang='grc' dir='ltr'><em>ὰ</em></span> <span class='ocrx_word' id='word_1_140' title='bbox 586 3167 638 3216; x_wconf 83' lang='grc' dir='ltr'>ια</span> <span class='ocrx_word' id='word_1_141' title='bbox 664 3166 739 3231; x_wconf 71' lang='lat' dir='ltr'>fin</span> <span class='ocrx_word' id='word_1_142' title='bbox 767 3168 852 3217; x_wconf 74' lang='lat' dir='ltr'>des</span> <span class='ocrx_word' id='word_1_143' title='bbox 878 3169 1165 3229; x_wconf 71' lang='lat' dir='ltr'>Antonius,</span> <span class='ocrx_word' id='word_1_144' title='bbox 1198 3170 1333 3220; x_wconf 84' lang='lat' dir='ltr'>trad.</span> <span class='ocrx_word' id='word_1_145' title='bbox 1369 3170 1502 3220; x_wconf 85' lang='lat' dir='ltr'>libre</span> <span class='ocrx_word' id='word_1_146' title='bbox 1526 3164 1623 3231; x_wconf 68' lang='lat' dir='ltr'>par</span> <span class='ocrx_word' id='word_1_147' title='bbox 1651 3166 1745 3218; x_wconf 91' lang='lat' dir='ltr'>Ch.</span> <span class='ocrx_word' id='word_1_148' title='bbox 1781 3167 1974 3233; x_wconf 86' lang='lat' dir='ltr'>Vogel,</span> <span class='ocrx_word' id='word_1_149' title='bbox 2006 3166 2280 3219; x_wconf 83' lang='lat' dir='ltr'>Reinwald</span> <span class='ocrx_word' id='word_1_150' title='bbox 2299 3205 2312 3231; x_wconf 91' lang='lat'>,</span> <span class='ocrx_word' id='word_1_151' title='bbox 2350 3166 2485 3225; x_wconf 82' lang='lat'><strong>1874,</strong></span> 
     </span>
     <span class='ocr_line' id='line_1_22' title="bbox 360 3254 2491 3322; baseline 0.001 -19"><span class='ocrx_word' id='word_1_152' title='bbox 360 3270 410 3319; x_wconf 89' lang='lat' dir='ltr'>p.</span> <span class='ocrx_word' id='word_1_153' title='bbox 451 3254 564 3316; x_wconf 86' lang='lat'><strong>146,</strong></span> <span class='ocrx_word' id='word_1_154' title='bbox 599 3257 692 3319; x_wconf 90' lang='lat' dir='ltr'>qui</span> <span class='ocrx_word' id='word_1_155' title='bbox 725 3258 939 3308; x_wconf 86' lang='lat' dir='ltr'>renvoie</span> <span class='ocrx_word' id='word_1_156' title='bbox 975 3260 1006 3307; x_wconf 70' lang='lat' dir='ltr'>a</span> <span class='ocrx_word' id='word_1_157' title='bbox 1044 3258 1264 3308; x_wconf 81' lang='lat' dir='ltr'>l&#39;article</span> <span class='ocrx_word' id='word_1_158' title='bbox 1293 3259 1357 3308; x_wconf 90' lang='lat' dir='ltr'>de</span> <span class='ocrx_word' id='word_1_159' title='bbox 1394 3258 1566 3309; x_wconf 81' lang='lat' dir='ltr'>Baehr</span> <span class='ocrx_word' id='word_1_160' title='bbox 1586 3297 1597 3319; x_wconf 93' lang='lat'><strong>,</strong></span> <span class='ocrx_word' id='word_1_161' title='bbox 1627 3259 1760 3308; x_wconf 84' lang='lat' dir='ltr'>dans</span> <span class='ocrx_word' id='word_1_162' title='bbox 1796 3259 1846 3307; x_wconf 81' lang='lat' dir='ltr'>la</span> <span class='ocrx_word' id='word_1_163' title='bbox 1880 3258 2085 3308; x_wconf 81' lang='lat' dir='ltr'>Grande</span> <span class='ocrx_word' id='word_1_164' title='bbox 2120 3256 2491 3322; x_wconf 66' lang='lat' dir='ltr'>Encyclopddie</span> 
     </span>
     <span class='ocr_line' id='line_1_23' title="bbox 362 3343 1025 3398; baseline 0.008 -5"><span class='ocrx_word' id='word_1_165' title='bbox 362 3343 581 3395; x_wconf 83' lang='lat' dir='ltr'>d’Ersch</span> <span class='ocrx_word' id='word_1_166' title='bbox 608 3352 658 3395; x_wconf 90' lang='lat' dir='ltr'>et</span> <span class='ocrx_word' id='word_1_167' title='bbox 687 3345 910 3397; x_wconf 82' lang='lat' dir='ltr'>Gruber.</span> <span class='ocrx_word' id='word_1_168' title='bbox 948 3397 951 3398; x_wconf 10' lang='grc' dir='ltr'><em>γ</em></span> <span class='ocrx_word' id='word_1_169' title='bbox 1024 3383 1025 3386; x_wconf 24' lang='lat'>¹</span> 
     </span>
    </p>

    <p class='ocr_par' dir='ltr' id='par_1_6' title="bbox 363 3432 2489 3589">
     <span class='ocr_line' id='line_1_24' title="bbox 430 3432 2489 3501; baseline 0.002 -20"><span class='ocrx_word' id='word_1_170' title='bbox 430 3432 496 3497; x_wconf 88' lang='lat' dir='ltr'>(l)</span> <span class='ocrx_word' id='word_1_171' title='bbox 526 3433 615 3485; x_wconf 83' lang='lat' dir='ltr'>Sic</span> <span class='ocrx_word' id='word_1_172' title='bbox 643 3437 836 3499; x_wconf 84' lang='lat' dir='ltr'>legitur</span> <span class='ocrx_word' id='word_1_173' title='bbox 860 3440 915 3487; x_wconf 89' lang='lat' dir='ltr'>in</span> <span class='ocrx_word' id='word_1_174' title='bbox 946 3438 1364 3497; x_wconf 82' lang='lat' dir='ltr'>recensionibuS,</span> <span class='ocrx_word' id='word_1_175' title='bbox 1395 3437 1467 3490; x_wconf 88' lang='lat' dir='ltr'>M.</span> <span class='ocrx_word' id='word_1_176' title='bbox 1499 3438 1680 3501; x_wconf 87' lang='lat' dir='ltr'>Hertz,</span> <span class='ocrx_word' id='word_1_177' title='bbox 1717 3437 1834 3489; x_wconf 89' lang='grc'>1877</span> <span class='ocrx_word' id='word_1_178' title='bbox 1863 3441 1916 3489; x_wconf 86' lang='lat' dir='ltr'>et</span> <span class='ocrx_word' id='word_1_179' title='bbox 1948 3436 2065 3490; x_wconf 87' lang='lat'>1883</span> <span class='ocrx_word' id='word_1_180' title='bbox 2089 3452 2104 3497; x_wconf 76' lang='lat'>3</span> <span class='ocrx_word' id='word_1_181' title='bbox 2126 3438 2258 3488; x_wconf 83' lang='lat' dir='ltr'>alias</span> <span class='ocrx_word' id='word_1_182' title='bbox 2285 3437 2489 3501; x_wconf 83' lang='lat' dir='ltr'>discep-</span> 
     </span>
     <span class='ocr_line' id='line_1_25' title="bbox 363 3524 1618 3589; baseline 0.005 -16"><span class='ocrx_word' id='word_1_183' title='bbox 363 3524 696 3589; x_wconf 55' lang='lat' dir='ltr'>tatiuncula,</span> <span class='ocrx_word' id='word_1_184' title='bbox 731 3526 813 3575; x_wconf 89' lang='lat' dir='ltr'>ed.</span> <span class='ocrx_word' id='word_1_185' title='bbox 844 3525 1135 3579; x_wconf 77' lang='lat' dir='ltr'>Tahchnitz</span> <span class='ocrx_word' id='word_1_186' title='bbox 1166 3534 1218 3578; x_wconf 86' lang='lat' dir='ltr'>et</span> <span class='ocrx_word' id='word_1_187' title='bbox 1251 3527 1618 3579; x_wconf 84' lang='lat' dir='ltr'>Panckoucke.</span> 
     </span>
    </p>

    <p class='ocr_par' dir='ltr' id='par_1_7' title="bbox 425 3611 1787 3682">
     <span class='ocr_line' id='line_1_26' title="bbox 425 3611 1787 3682; baseline 0.004 -20"><span class='ocrx_word' id='word_1_188' title='bbox 425 3612 492 3676; x_wconf 76' lang='lat'>(2)</span> <span class='ocrx_word' id='word_1_189' title='bbox 525 3611 661 3665; x_wconf 86' lang='lat' dir='ltr'>Vide</span> <span class='ocrx_word' id='word_1_190' title='bbox 689 3613 906 3678; x_wconf 82' lang='lat' dir='ltr'>Teuffel,</span> <span class='ocrx_word' id='word_1_191' title='bbox 932 3616 1134 3679; x_wconf 86' lang='lat' dir='ltr'>Ruske‚</span> <span class='ocrx_word' id='word_1_192' title='bbox 1166 3616 1559 3682; x_wconf 82' lang='lat' dir='ltr'>Friedlaender,</span> <span class='ocrx_word' id='word_1_193' title='bbox 1590 3632 1672 3682; x_wconf 80' lang='lat' dir='ltr'>op.</span> <span class='ocrx_word' id='word_1_194' title='bbox 1700 3618 1787 3669; x_wconf 77' lang='lat' dir='ltr'>cit.</span> 
     </span>
    </p>

    <p class='ocr_par' dir='ltr' id='par_1_8' title="bbox 428 3702 654 3765">
     <span class='ocr_line' id='line_1_27' title="bbox 428 3702 654 3765; baseline 0.013 -13"><span class='ocrx_word' id='word_1_195' title='bbox 428 3702 495 3765; x_wconf 85' lang='lat'>(3)</span> <span class='ocrx_word' id='word_1_196' title='bbox 523 3704 654 3755; x_wconf 79' lang='lat' dir='ltr'>Ibid-</span> 
     </span>
    </p>

    <p class='ocr_par' dir='ltr' id='par_1_9' title="bbox 427 3790 2429 3860">
     <span class='ocr_line' id='line_1_28' title="bbox 427 3790 2429 3860; baseline 0.004 -21"><span class='ocrx_word' id='word_1_197' title='bbox 427 3791 493 3855; x_wconf 83' lang='lat'>(4)</span> <span class='ocrx_word' id='word_1_198' title='bbox 523 3790 799 3858; x_wconf 66' lang='lat' dir='ltr'>Memmia,</span> <span class='ocrx_word' id='word_1_199' title='bbox 828 3797 921 3847; x_wconf 78' lang='lat' dir='ltr'>Die</span> <span class='ocrx_word' id='word_1_200' title='bbox 956 3798 1343 3849; x_wconf 74' lang='lat' dir='ltr'>Citiermethode</span> <span class='ocrx_word' id='word_1_201' title='bbox 1366 3799 1474 3848; x_wconf 80' lang='lat' dir='ltr'>und</span> <span class='ocrx_word' id='word_1_202' title='bbox 1504 3796 2004 3860; x_wconf 72' lang='lat' dir='ltr'>Quellmbenutzunq</span> <span class='ocrx_word' id='word_1_203' title='bbox 2025 3797 2111 3848; x_wconf 71' lang='lat' dir='ltr'>des</span> <span class='ocrx_word' id='word_1_204' title='bbox 2132 3796 2197 3848; x_wconf 76' lang='lat' dir='ltr'>A.</span> <span class='ocrx_word' id='word_1_205' title='bbox 2222 3794 2429 3847; x_wconf 71' lang='lat' dir='ltr'>Gellius·</span> 
     </span>
    </p>
   </div>
   <div class='ocr_carea' id='block_1_4' title="bbox 2619 1061 2858 1114">
    <p class='ocr_par' dir='ltr' id='par_1_10' title="bbox 2619 1061 2858 1114">
     <span class='ocr_line' id='line_1_29' title="bbox 2619 1061 2858 1114; baseline 0.013 -3"><span class='ocrx_word' id='word_1_206' title='bbox 2619 1061 2745 1113; x_wconf 88' lang='lat' dir='ltr'>Prol.</span> <span class='ocrx_word' id='word_1_207' title='bbox 2779 1065 2858 1114; x_wconf 73' lang='lat'>24.</span> 
     </span>
    </p>
   </div>
   <div class='ocr_carea' id='block_1_5' title="bbox 2622 1302 2859 1353">
    <p class='ocr_par' dir='ltr' id='par_1_11' title="bbox 2622 1302 2859 1353">
     <span class='ocr_line' id='line_1_30' title="bbox 2622 1302 2859 1353; baseline 0 -1"><span class='ocrx_word' id='word_1_208' title='bbox 2622 1302 2745 1353; x_wconf 86' lang='lat' dir='ltr'>Prol.</span> <span class='ocrx_word' id='word_1_209' title='bbox 2781 1306 2859 1352; x_wconf 78' lang='lat'>23.</span> 
     </span>
    </p>
   </div>
  </div>
 </body>
</html>
