<?xml version="1.0" encoding="UTF-8"?>
<!DOCTYPE html PUBLIC "-//W3C//DTD XHTML 1.0 Transitional//EN"
    "http://www.w3.org/TR/xhtml1/DTD/xhtml1-transitional.dtd">
<html xmlns="http://www.w3.org/1999/xhtml" xml:lang="en" lang="en">
 <head>
  <title>
</title>
<meta http-equiv="Content-Type" content="text/html;charset=utf-8" />
  <meta name='ocr-system' content='tesseract 3.04.00' />
  <meta name='ocr-capabilities' content='ocr_page ocr_carea ocr_par ocr_line ocrx_word'/>
</head>
<body>
  <div class='ocr_page' id='page_1' title='image "./aulusgelliusqua00dewagoog_0015.png"; bbox 0 0 3125 4959; ppageno 0'>
   <div class='ocr_carea' id='block_1_1' title="bbox 1012 1185 1868 1309">
    <p class='ocr_par' dir='ltr' id='par_1_1' title="bbox 1012 1185 1868 1309">
     <span class='ocr_line' id='line_1_1' title="bbox 1012 1185 1868 1309; baseline 0 -1"><span class='ocrx_word' id='word_1_1' title='bbox 1012 1185 1868 1309; x_wconf 85' lang='lat' dir='ltr'><strong>PRAEFATIO</strong></span> 
     </span>
    </p>
   </div>
   <div class='ocr_carea' id='block_1_2' title="bbox 379 1919 2526 3139">
    <p class='ocr_par' dir='ltr' id='par_1_2' title="bbox 379 1919 2526 3139">
     <span class='ocr_line' id='line_1_2' title="bbox 478 1919 2503 2011; baseline -0.001 -17"><span class='ocrx_word' id='word_1_2' title='bbox 478 1921 651 1994; x_wconf 91' lang='lat' dir='ltr'>Cum</span> <span class='ocrx_word' id='word_1_3' title='bbox 679 1919 981 2011; x_wconf 77' lang='lat' dir='ltr'>jam-alii</span> <span class='ocrx_word' id='word_1_4' title='bbox 1012 1920 1102 1992; x_wconf 93' lang='lat' dir='ltr'>de</span> <span class='ocrx_word' id='word_1_5' title='bbox 1131 1921 1312 1992; x_wconf 88' lang='lat' dir='ltr'>Aulo</span> <span class='ocrx_word' id='word_1_6' title='bbox 1340 1920 1566 1992; x_wconf 91' lang='lat' dir='ltr'>Gellio</span> <span class='ocrx_word' id='word_1_7' title='bbox 1595 1926 1950 2010; x_wconf 89' lang='lat' dir='ltr'>quatenus</span> <span class='ocrx_word' id='word_1_8' title='bbox 1976 1919 2503 2010; x_wconf 79' lang='lat' dir='ltr'>grammaticae,</span> 
     </span>
     <span class='ocr_line' id='line_1_3' title="bbox 379 2044 2509 2137; baseline -0.001 -20"><span class='ocrx_word' id='word_1_9' title='bbox 379 2046 719 2119; x_wconf 81' lang='lat' dir='ltr'>historiae</span> <span class='ocrx_word' id='word_1_10' title='bbox 755 2047 1085 2137; x_wconf 88' lang='lat' dir='ltr'>jurisque</span> <span class='ocrx_word' id='word_1_11' title='bbox 1132 2045 1472 2118; x_wconf 78' lang='lat' dir='ltr'>scientiae</span> <span class='ocrx_word' id='word_1_12' title='bbox 1512 2044 1725 2117; x_wconf 82' lang='lat' dir='ltr'>fuerit</span> <span class='ocrx_word' id='word_1_13' title='bbox 1764 2044 2134 2117; x_wconf 87' lang='lat' dir='ltr'>studiosus</span> <span class='ocrx_word' id='word_1_14' title='bbox 2180 2044 2509 2134; x_wconf 90' lang='lat' dir='ltr'>disputa-</span> 
     </span>
     <span class='ocr_line' id='line_1_4' title="bbox 381 2168 2511 2266; baseline -0.002 -23"><span class='ocrx_word' id='word_1_15' title='bbox 381 2173 610 2243; x_wconf 90' lang='lat' dir='ltr'>verint</span> <span class='ocrx_word' id='word_1_16' title='bbox 671 2170 806 2266; x_wconf 86' lang='lat'>(1),</span> <span class='ocrx_word' id='word_1_17' title='bbox 865 2189 1121 2262; x_wconf 81' lang='lat' dir='ltr'>operae</span> <span class='ocrx_word' id='word_1_18' title='bbox 1175 2188 1464 2261; x_wconf 87' lang='lat' dir='ltr'>quoque</span> <span class='ocrx_word' id='word_1_19' title='bbox 1515 2170 1821 2260; x_wconf 89' lang='lat' dir='ltr'>pretium</span> <span class='ocrx_word' id='word_1_20' title='bbox 1880 2168 2058 2243; x_wconf 89' lang='lat' dir='ltr'>mihi</span> <span class='ocrx_word' id='word_1_21' title='bbox 2109 2169 2341 2240; x_wconf 89' lang='lat' dir='ltr'>visum</span> <span class='ocrx_word' id='word_1_22' title='bbox 2403 2174 2511 2240; x_wconf 92' lang='lat' dir='ltr'>est</span> 
     </span>
     <span class='ocr_line' id='line_1_5' title="bbox 382 2293 2509 2386; baseline -0.002 -19"><span class='ocrx_word' id='word_1_23' title='bbox 382 2295 559 2385; x_wconf 90' lang='lat' dir='ltr'>quid</span> <span class='ocrx_word' id='word_1_24' title='bbox 604 2295 693 2367; x_wconf 94' lang='lat' dir='ltr'>de</span> <span class='ocrx_word' id='word_1_25' title='bbox 740 2296 1062 2386; x_wconf 86' lang='lat' dir='ltr'>antiquis</span> <span class='ocrx_word' id='word_1_26' title='bbox 1104 2295 1559 2385; x_wconf 88' lang='lat' dir='ltr'>philosophis</span> <span class='ocrx_word' id='word_1_27' title='bbox 1602 2294 1964 2384; x_wconf 87' lang='lat' dir='ltr'>rebusque</span> <span class='ocrx_word' id='word_1_28' title='bbox 2002 2293 2286 2384; x_wconf 82' lang='lat' dir='ltr'>logicis,</span> <span class='ocrx_word' id='word_1_29' title='bbox 2334 2293 2509 2384; x_wconf 84' lang='lat' dir='ltr'>phy-</span> 
     </span>
     <span class='ocr_line' id='line_1_6' title="bbox 382 2419 2509 2510; baseline -0.002 -18"><span class='ocrx_word' id='word_1_30' title='bbox 382 2420 548 2492; x_wconf 87' lang='lat' dir='ltr'>sicis</span> <span class='ocrx_word' id='word_1_31' title='bbox 602 2420 1143 2510; x_wconf 85' lang='lat' dir='ltr'>moralibusque</span> <span class='ocrx_word' id='word_1_32' title='bbox 1190 2419 1497 2492; x_wconf 81' lang='lat' dir='ltr'>senserit</span> <span class='ocrx_word' id='word_1_33' title='bbox 1554 2419 1931 2491; x_wconf 88' lang='lat' dir='ltr'>disserere.</span> <span class='ocrx_word' id='word_1_34' title='bbox 1992 2419 2509 2491; x_wconf 92' lang='lat' dir='ltr'>Germanorum</span> 
     </span>
     <span class='ocr_line' id='line_1_7' title="bbox 383 2540 2514 2635; baseline -0.002 -20"><span class='ocrx_word' id='word_1_35' title='bbox 383 2543 806 2635; x_wconf 87' lang='lat' dir='ltr'>scriptorum</span> <span class='ocrx_word' id='word_1_36' title='bbox 839 2543 1258 2616; x_wconf 87' lang='lat' dir='ltr'>auctoritate</span> <span class='ocrx_word' id='word_1_37' title='bbox 1290 2545 1367 2614; x_wconf 90' lang='lat' dir='ltr'>in</span> <span class='ocrx_word' id='word_1_38' title='bbox 1402 2542 1655 2634; x_wconf 90' lang='lat' dir='ltr'>primis</span> <span class='ocrx_word' id='word_1_39' title='bbox 1687 2543 1908 2616; x_wconf 80' lang='lat' dir='ltr'>fretus</span> <span class='ocrx_word' id='word_1_40' title='bbox 1942 2561 2130 2623; x_wconf 90' lang='lat' dir='ltr'>sum,</span> <span class='ocrx_word' id='word_1_41' title='bbox 2169 2543 2293 2633; x_wconf 92' lang='lat' dir='ltr'>qui</span> <span class='ocrx_word' id='word_1_42' title='bbox 2324 2540 2514 2611; x_wconf 88' lang='lat' dir='ltr'>Noc-</span> 
     </span>
     <span class='ocr_line' id='line_1_8' title="bbox 384 2665 2511 2774; baseline 0 -36"><span class='ocrx_word' id='word_1_43' title='bbox 384 2676 480 2738; x_wconf 77' lang='lat' dir='ltr'>tes</span> <span class='ocrx_word' id='word_1_44' title='bbox 544 2665 850 2774; x_wconf 60' lang='lat' dir='ltr'>Atticas,</span> <span class='ocrx_word' id='word_1_45' title='bbox 915 2669 1086 2742; x_wconf 90' lang='lat' dir='ltr'>dum</span> <span class='ocrx_word' id='word_1_46' title='bbox 1142 2670 1215 2739; x_wconf 90' lang='lat' dir='ltr'>in</span> <span class='ocrx_word' id='word_1_47' title='bbox 1271 2675 1518 2741; x_wconf 89' lang='lat' dir='ltr'>nostra</span> <span class='ocrx_word' id='word_1_48' title='bbox 1571 2676 1818 2760; x_wconf 88' lang='lat' dir='ltr'>gente,</span> <span class='ocrx_word' id='word_1_49' title='bbox 1874 2669 2161 2758; x_wconf 90' lang='lat' dir='ltr'>saepius</span> <span class='ocrx_word' id='word_1_50' title='bbox 2220 2667 2511 2758; x_wconf 90' lang='lat' dir='ltr'>quidem</span> 
     </span>
     <span class='ocr_line' id='line_1_9' title="bbox 385 2792 2526 2883; baseline -0.001 -18"><span class='ocrx_word' id='word_1_51' title='bbox 385 2794 753 2866; x_wconf 86' lang='lat' dir='ltr'>consultae</span> <span class='ocrx_word' id='word_1_52' title='bbox 802 2813 885 2866; x_wconf 88' lang='lat' dir='ltr'>ac</span> <span class='ocrx_word' id='word_1_53' title='bbox 933 2801 1400 2874; x_wconf 86' lang='lat' dir='ltr'>memoratae,</span> <span class='ocrx_word' id='word_1_54' title='bbox 1449 2793 1632 2864; x_wconf 89' lang='lat' dir='ltr'>nihil</span> <span class='ocrx_word' id='word_1_55' title='bbox 1684 2793 1827 2865; x_wconf 81' lang='lat' dir='ltr'>fere</span> <span class='ocrx_word' id='word_1_56' title='bbox 1870 2793 2012 2864; x_wconf 91' lang='lat' dir='ltr'>nisi</span> <span class='ocrx_word' id='word_1_57' title='bbox 2063 2794 2137 2863; x_wconf 91' lang='lat' dir='ltr'>in</span> <span class='ocrx_word' id='word_1_58' title='bbox 2178 2792 2526 2883; x_wconf 51' lang='lat' dir='ltr'>gallicum*</span> 
     </span>
     <span class='ocr_line' id='line_1_10' title="bbox 388 2918 2515 3010; baseline -0.001 -20"><span class='ocrx_word' id='word_1_59' title='bbox 388 2937 790 2992; x_wconf 90' lang='lat' dir='ltr'>sermonem</span> <span class='ocrx_word' id='word_1_60' title='bbox 813 2938 972 2990; x_wconf 92' lang='lat' dir='ltr'>cum</span> <span class='ocrx_word' id='word_1_61' title='bbox 999 2919 1486 3010; x_wconf 82' lang='lat' dir='ltr'>singularibus</span> <span class='ocrx_word' id='word_1_62' title='bbox 1507 2918 2100 2990; x_wconf 86' lang='lat' dir='ltr'>adnotationibus</span> <span class='ocrx_word' id='word_1_63' title='bbox 2126 2918 2515 2990; x_wconf 88' lang='lat' dir='ltr'>translatae</span> 
     </span>
     <span class='ocr_line' id='line_1_11' title="bbox 387 3041 2507 3139; baseline -0.002 -24"><span class='ocrx_word' id='word_1_64' title='bbox 387 3044 674 3119; x_wconf 82' lang='lat' dir='ltr'>fuerunt</span> <span class='ocrx_word' id='word_1_65' title='bbox 714 3041 808 3139; x_wconf 81' lang='lat'>(2)</span> <span class='ocrx_word' id='word_1_66' title='bbox 840 3099 857 3124; x_wconf 90' lang='lat'>,</span> <span class='ocrx_word' id='word_1_67' title='bbox 904 3045 1172 3134; x_wconf 86' lang='lat' dir='ltr'>majore</span> <span class='ocrx_word' id='word_1_68' title='bbox 1210 3063 1293 3117; x_wconf 91' lang='lat' dir='ltr'>ac</span> <span class='ocrx_word' id='word_1_69' title='bbox 1328 3044 1705 3116; x_wconf 88' lang='lat' dir='ltr'>subtiliore</span> <span class='ocrx_word' id='word_1_70' title='bbox 1738 3061 1907 3114; x_wconf 90' lang='lat' dir='ltr'>cura</span> <span class='ocrx_word' id='word_1_71' title='bbox 1945 3042 2507 3134; x_wconf 89' lang='lat' dir='ltr'>perpenderunt.</span> 
     </span>
    </p>
   </div>
   <div class='ocr_carea' id='block_1_3' title="bbox 316 3309 2530 4354">
    <p class='ocr_par' dir='ltr' id='par_1_3' title="bbox 316 3309 2530 4354">
     <span class='ocr_line' id='line_1_12' title="bbox 457 3309 2517 3377; baseline -0 -17"><span class='ocrx_word' id='word_1_72' title='bbox 457 3310 522 3373; x_wconf 93' lang='grc'>(1)</span> <span class='ocrx_word' id='word_1_73' title='bbox 567 3309 704 3362; x_wconf 86' lang='lat' dir='ltr'>Vide</span> <span class='ocrx_word' id='word_1_74' title='bbox 739 3310 837 3361; x_wconf 85' lang='lat' dir='ltr'>Th.</span> <span class='ocrx_word' id='word_1_75' title='bbox 874 3310 1073 3376; x_wconf 83' lang='lat' dir='ltr'>Vogel,</span> <span class='ocrx_word' id='word_1_76' title='bbox 1105 3315 1166 3362; x_wconf 89' lang='lat' dir='ltr'>A.</span> <span class='ocrx_word' id='word_1_77' title='bbox 1200 3311 1350 3364; x_wconf 77' lang='lat' dir='ltr'>Gellii</span> <span class='ocrx_word' id='word_1_78' title='bbox 1379 3315 1440 3363; x_wconf 87' lang='lat' dir='ltr'>de</span> <span class='ocrx_word' id='word_1_79' title='bbox 1477 3313 1628 3377; x_wconf 84' lang='lat' dir='ltr'>copia</span> <span class='ocrx_word' id='word_1_80' title='bbox 1663 3312 1947 3364; x_wconf 87' lang='lat' dir='ltr'>verborum.</span> <span class='ocrx_word' id='word_1_81' title='bbox 1976 3311 2251 3366; x_wconf 84' lang='lat' dir='ltr'>Zwichau,</span> <span class='ocrx_word' id='word_1_82' title='bbox 2290 3310 2424 3362; x_wconf 75' lang='lat'>1862.</span> <span class='ocrx_word' id='word_1_83' title='bbox 2460 3339 2517 3348; x_wconf 91' lang='lat'>—</span> 
     </span>
     <span class='ocr_line' id='line_1_13' title="bbox 316 3400 2518 3463; baseline -0.001 -11"><span class='ocrx_word' id='word_1_84' title='bbox 316 3411 325 3418; x_wconf 87' lang='lat'><strong>·</strong></span> <span class='ocrx_word' id='word_1_85' title='bbox 390 3400 461 3452; x_wconf 82' lang='lat' dir='ltr'>M.</span> <span class='ocrx_word' id='word_1_86' title='bbox 487 3401 669 3463; x_wconf 86' lang='lat' dir='ltr'>Hertz,</span> <span class='ocrx_word' id='word_1_87' title='bbox 700 3401 971 3452; x_wconf 76' lang='lat' dir='ltr'>vindiciae</span> <span class='ocrx_word' id='word_1_88' title='bbox 998 3402 1120 3452; x_wconf 85' lang='lat' dir='ltr'>Gell.</span> <span class='ocrx_word' id='word_1_89' title='bbox 1147 3402 1481 3462; x_wconf 79' lang='lat' dir='ltr'>Greifswald,</span> <span class='ocrx_word' id='word_1_90' title='bbox 1515 3401 1662 3458; x_wconf 61' lang='lat'>185&amp;</span> <span class='ocrx_word' id='word_1_91' title='bbox 1699 3402 1967 3451; x_wconf 81' lang='lat' dir='ltr'>Vindiciae</span> <span class='ocrx_word' id='word_1_92' title='bbox 1994 3401 2114 3451; x_wconf 87' lang='lat' dir='ltr'>Gell.</span> <span class='ocrx_word' id='word_1_93' title='bbox 2145 3401 2352 3463; x_wconf 80' lang='lat' dir='ltr'>alterae,</span> <span class='ocrx_word' id='word_1_94' title='bbox 2381 3401 2518 3451; x_wconf 83' lang='lat'>1873.</span> 
     </span>
     <span class='ocr_line' id='line_1_14' title="bbox 392 3489 2521 3555; baseline 0 -16"><span class='ocrx_word' id='word_1_95' title='bbox 392 3518 452 3528; x_wconf 93' lang='lat'>—</span> <span class='ocrx_word' id='word_1_96' title='bbox 479 3489 615 3539; x_wconf 88' lang='lat' dir='ltr'>Tim.</span> <span class='ocrx_word' id='word_1_97' title='bbox 645 3489 830 3550; x_wconf 84' lang='lat' dir='ltr'>Fabre,</span> <span class='ocrx_word' id='word_1_98' title='bbox 857 3493 895 3539; x_wconf 86' lang='lat' dir='ltr'>A</span> <span class='ocrx_word' id='word_1_99' title='bbox 925 3490 1110 3542; x_wconf 80' lang='lat' dir='ltr'>Gellius</span> <span class='ocrx_word' id='word_1_100' title='bbox 1138 3492 1200 3542; x_wconf 85' lang='lat' dir='ltr'>de</span> <span class='ocrx_word' id='word_1_101' title='bbox 1228 3491 1414 3542; x_wconf 80' lang='lat' dir='ltr'>latinis</span> <span class='ocrx_word' id='word_1_102' title='bbox 1442 3491 1776 3554; x_wconf 79' lang='lat' dir='ltr'>scriptoribus</span> <span class='ocrx_word' id='word_1_103' title='bbox 1798 3499 1843 3540; x_wconf 79' lang='lat' dir='ltr'>et</span> <span class='ocrx_word' id='word_1_104' title='bbox 1872 3491 2056 3554; x_wconf 74' lang='lat' dir='ltr'>linqua</span> <span class='ocrx_word' id='word_1_105' title='bbox 2085 3490 2264 3542; x_wconf 76' lang='lat' dir='ltr'>latina·</span> <span class='ocrx_word' id='word_1_106' title='bbox 2280 3492 2404 3555; x_wconf 84' lang='lat' dir='ltr'>quid</span> <span class='ocrx_word' id='word_1_107' title='bbox 2429 3492 2521 3554; x_wconf 86' lang='lat' dir='ltr'>ju-</span> 
     </span>
     <span class='ocr_line' id='line_1_15' title="bbox 391 3579 2523 3643; baseline 0.001 -15"><span class='ocrx_word' id='word_1_108' title='bbox 391 3579 660 3630; x_wconf 78' lang='lat' dir='ltr'>dicaverit.</span> <span class='ocrx_word' id='word_1_109' title='bbox 697 3579 1013 3637; x_wconf 85' lang='lat' dir='ltr'>Andecavis,</span> <span class='ocrx_word' id='word_1_110' title='bbox 1050 3579 1186 3630; x_wconf 81' lang='lat'>1848.</span> <span class='ocrx_word' id='word_1_111' title='bbox 1219 3607 1279 3617; x_wconf 94' lang='lat'>--</span> <span class='ocrx_word' id='word_1_112' title='bbox 1308 3580 1457 3630; x_wconf 85' lang='lat' dir='ltr'>Iwan</span> <span class='ocrx_word' id='word_1_113' title='bbox 1486 3595 1592 3630; x_wconf 90' lang='lat' dir='ltr'>von</span> <span class='ocrx_word' id='word_1_114' title='bbox 1620 3579 1873 3637; x_wconf 89' lang='lat' dir='ltr'>Gloeden,</span> <span class='ocrx_word' id='word_1_115' title='bbox 1905 3582 1966 3630; x_wconf 92' lang='lat' dir='ltr'>A.</span> <span class='ocrx_word' id='word_1_116' title='bbox 2000 3580 2148 3630; x_wconf 82' lang='lat' dir='ltr'>Gellii</span> <span class='ocrx_word' id='word_1_117' title='bbox 2177 3595 2307 3643; x_wconf 82' lang='lat' dir='ltr'>quae</span> <span class='ocrx_word' id='word_1_118' title='bbox 2344 3583 2412 3630; x_wconf 86' lang='lat' dir='ltr'>ad</span> <span class='ocrx_word' id='word_1_119' title='bbox 2435 3582 2523 3643; x_wconf 81' lang='lat' dir='ltr'>jus</span> 
     </span>
     <span class='ocr_line' id='line_1_16' title="bbox 389 3667 2524 3731; baseline 0.001 -15"><span class='ocrx_word' id='word_1_120' title='bbox 389 3669 665 3731; x_wconf 79' lang='lat' dir='ltr'>pertinent.</span> <span class='ocrx_word' id='word_1_121' title='bbox 706 3667 965 3726; x_wconf 87' lang='lat' dir='ltr'>Rostock‚</span> <span class='ocrx_word' id='word_1_122' title='bbox 1002 3668 1138 3721; x_wconf 82' lang='lat'>1843.</span> <span class='ocrx_word' id='word_1_123' title='bbox 1178 3698 1237 3706; x_wconf 95' lang='lat'>—</span> <span class='ocrx_word' id='word_1_124' title='bbox 1267 3669 1453 3727; x_wconf 83' lang='lat' dir='ltr'>Hertz,</span> <span class='ocrx_word' id='word_1_125' title='bbox 1487 3671 1593 3719; x_wconf 86' lang='lat' dir='ltr'>Sub</span> <span class='ocrx_word' id='word_1_126' title='bbox 1622 3671 1793 3720; x_wconf 83' lang='lat' dir='ltr'>eodem</span> <span class='ocrx_word' id='word_1_127' title='bbox 1823 3670 1990 3720; x_wconf 78' lang='lat' dir='ltr'>titulo.</span> <span class='ocrx_word' id='word_1_128' title='bbox 2023 3669 2261 3726; x_wconf 86' lang='lat' dir='ltr'>Breslau,</span> <span class='ocrx_word' id='word_1_129' title='bbox 2301 3669 2435 3719; x_wconf 93' lang='grc'><strong>1868.</strong></span> <span class='ocrx_word' id='word_1_130' title='bbox 2467 3698 2524 3707; x_wconf 89' lang='grc'>-</span> 
     </span>
     <span class='ocr_line' id='line_1_17' title="bbox 391 3755 2522 3824; baseline 0.001 -19"><span class='ocrx_word' id='word_1_131' title='bbox 391 3755 724 3821; x_wconf 84' lang='lat' dir='ltr'>Fleckeisen,</span> <span class='ocrx_word' id='word_1_132' title='bbox 756 3758 1237 3824; x_wconf 72' lang='lat' dir='ltr'>Dichterfraqmeme</span> <span class='ocrx_word' id='word_1_133' title='bbox 1273 3760 1351 3809; x_wconf 88' lang='lat' dir='ltr'>bei</span> <span class='ocrx_word' id='word_1_134' title='bbox 1393 3759 1521 3810; x_wconf 71' lang='lat' dir='ltr'>Gell:</span> <span class='ocrx_word' id='word_1_135' title='bbox 1550 3760 1797 3824; x_wconf 85' lang='lat' dir='ltr'>Leipzig,</span> <span class='ocrx_word' id='word_1_136' title='bbox 1834 3760 1971 3811; x_wconf 83' lang='grc'><strong>1854.</strong></span> <span class='ocrx_word' id='word_1_137' title='bbox 2004 3788 2063 3797; x_wconf 91' lang='grc'>-</span> <span class='ocrx_word' id='word_1_138' title='bbox 2105 3759 2479 3809; x_wconf 88' lang='lat' dir='ltr'>Kretzschmer</span> <span class='ocrx_word' id='word_1_139' title='bbox 2511 3781 2522 3807; x_wconf 92' lang='lat'>:</span> 
     </span>
     <span class='ocr_line' id='line_1_18' title="bbox 392 3845 2526 3911; baseline 0.002 -17"><span class='ocrx_word' id='word_1_140' title='bbox 392 3845 464 3895; x_wconf 90' lang='lat' dir='ltr'>De</span> <span class='ocrx_word' id='word_1_141' title='bbox 491 3847 784 3898; x_wconf 78' lang='lat' dir='ltr'>auctoribus</span> <span class='ocrx_word' id='word_1_142' title='bbox 809 3847 960 3899; x_wconf 83' lang='lat' dir='ltr'>Gellii</span> <span class='ocrx_word' id='word_1_143' title='bbox 986 3847 1356 3911; x_wconf 67' lang='lat' dir='ltr'>grammaticis.</span> <span class='ocrx_word' id='word_1_144' title='bbox 1382 3846 1721 3905; x_wconf 83' lang='lat' dir='ltr'>Greifswald,</span> <span class='ocrx_word' id='word_1_145' title='bbox 1751 3847 1890 3898; x_wconf 90' lang='grc'><strong>1860.</strong></span> <span class='ocrx_word' id='word_1_146' title='bbox 1923 3876 1982 3886; x_wconf 93' lang='grc'>-</span> <span class='ocrx_word' id='word_1_147' title='bbox 2012 3848 2287 3905; x_wconf 83' lang='lat' dir='ltr'>Mercklin.</span> <span class='ocrx_word' id='word_1_148' title='bbox 2314 3849 2407 3898; x_wconf 85' lang='lat' dir='ltr'>Die</span> <span class='ocrx_word' id='word_1_149' title='bbox 2437 3849 2526 3898; x_wconf 85' lang='lat' dir='ltr'>Gi-</span> 
     </span>
     <span class='ocr_line' id='line_1_19' title="bbox 394 3934 2529 4003; baseline 0.002 -19"><span class='ocrx_word' id='word_1_150' title='bbox 394 3934 775 3987; x_wconf 78' lang='lat' dir='ltr'>tiermethode...</span> <span class='ocrx_word' id='word_1_151' title='bbox 795 3975 809 4001; x_wconf 92' lang='lat'>,</span> <span class='ocrx_word' id='word_1_152' title='bbox 845 3937 982 3989; x_wconf 90' lang='grc'><strong>1860.</strong></span> <span class='ocrx_word' id='word_1_153' title='bbox 1013 3965 1074 3974; x_wconf 92' lang='lat'><em>-</em></span> <span class='ocrx_word' id='word_1_154' title='bbox 1110 3938 1207 3989; x_wconf 85' lang='lat' dir='ltr'>Tb.</span> <span class='ocrx_word' id='word_1_155' title='bbox 1238 3937 1438 4003; x_wconf 82' lang='lat' dir='ltr'>Vogel,</span> <span class='ocrx_word' id='word_1_156' title='bbox 1470 3941 1540 3989; x_wconf 90' lang='lat' dir='ltr'>De</span> <span class='ocrx_word' id='word_1_157' title='bbox 1569 3942 1630 3988; x_wconf 90' lang='lat' dir='ltr'>A.</span> <span class='ocrx_word' id='word_1_158' title='bbox 1671 3938 1821 3988; x_wconf 86' lang='lat' dir='ltr'>Gellii</span> <span class='ocrx_word' id='word_1_159' title='bbox 1858 3941 2026 3989; x_wconf 77' lang='lat' dir='ltr'>vita...</span> <span class='ocrx_word' id='word_1_160' title='bbox 2058 3940 2254 3995; x_wconf 83' lang='lat' dir='ltr'>Zittau.</span> <span class='ocrx_word' id='word_1_161' title='bbox 2294 3937 2432 3989; x_wconf 90' lang='grc'><strong>1860.</strong></span> <span class='ocrx_word' id='word_1_162' title='bbox 2468 3965 2529 3978; x_wconf 90' lang='grc'>--</span> 
     </span>
     <span class='ocr_line' id='line_1_20' title="bbox 393 4015 2530 4092; baseline 0.002 -19"><span class='ocrx_word' id='word_1_163' title='bbox 393 4022 786 4084; x_wconf 81' lang='lat' dir='ltr'>Friedlaender,</span> <span class='ocrx_word' id='word_1_164' title='bbox 819 4028 888 4076; x_wconf 89' lang='lat' dir='ltr'>De</span> <span class='ocrx_word' id='word_1_165' title='bbox 909 4029 972 4077; x_wconf 92' lang='lat' dir='ltr'>A.</span> <span class='ocrx_word' id='word_1_166' title='bbox 1002 4026 1124 4080; x_wconf 87' lang='lat' dir='ltr'>Gell.</span> <span class='ocrx_word' id='word_1_167' title='bbox 1153 4028 1287 4079; x_wconf 84' lang='lat' dir='ltr'>vitae</span> <span class='ocrx_word' id='word_1_168' title='bbox 1312 4028 1638 4092; x_wconf 82' lang='lat' dir='ltr'>temporibus.</span> <span class='ocrx_word' id='word_1_169' title='bbox 1666 4026 2048 4092; x_wconf 84' lang='lat' dir='ltr'>Koenigsberg.</span> <span class='ocrx_word' id='word_1_170' title='bbox 2076 4028 2213 4078; x_wconf 91' lang='lat'>1869.</span> <span class='ocrx_word' id='word_1_171' title='bbox 2238 4054 2297 4067; x_wconf 92' lang='lat'>—</span> <span class='ocrx_word' id='word_1_172' title='bbox 2330 4015 2530 4086; x_wconf 73' lang='lat' dir='ltr'>Rus&#39;ke,</span> 
     </span>
     <span class='ocr_line' id='line_1_21' title="bbox 396 4113 2528 4178; baseline 0.001 -16"><span class='ocrx_word' id='word_1_173' title='bbox 396 4114 464 4162; x_wconf 90' lang='lat' dir='ltr'>De</span> <span class='ocrx_word' id='word_1_174' title='bbox 493 4116 556 4163; x_wconf 84' lang='lat' dir='ltr'>A.</span> <span class='ocrx_word' id='word_1_175' title='bbox 589 4113 742 4164; x_wconf 84' lang='lat' dir='ltr'>Gellii</span> <span class='ocrx_word' id='word_1_176' title='bbox 768 4116 998 4166; x_wconf 79' lang='lat' dir='ltr'>noctium</span> <span class='ocrx_word' id='word_1_177' title='bbox 1027 4118 1303 4167; x_wconf 77' lang='lat' dir='ltr'>atticarum</span> <span class='ocrx_word' id='word_1_178' title='bbox 1325 4114 1578 4178; x_wconf 76' lang='lat' dir='ltr'>sontibus,</span> <span class='ocrx_word' id='word_1_179' title='bbox 1612 4116 1748 4168; x_wconf 83' lang='lat'>1883.</span> <span class='ocrx_word' id='word_1_180' title='bbox 1775 4145 1835 4153; x_wconf 92' lang='lat'>—</span> <span class='ocrx_word' id='word_1_181' title='bbox 1863 4116 2043 4177; x_wconf 88' lang='lat' dir='ltr'>Hertz,</span> <span class='ocrx_word' id='word_1_182' title='bbox 2069 4118 2188 4166; x_wconf 90' lang='lat' dir='ltr'>edd.</span> <span class='ocrx_word' id='word_1_183' title='bbox 2223 4116 2361 4172; x_wconf 91' lang='grc'><strong>1877,</strong></span> <span class='ocrx_word' id='word_1_184' title='bbox 2391 4115 2528 4166; x_wconf 87' lang='grc'><strong>1883.</strong></span> 
     </span>
     <span class='ocr_line' id='line_1_22' title="bbox 395 4202 2040 4270; baseline 0.003 -20"><span class='ocrx_word' id='word_1_185' title='bbox 395 4203 456 4251; x_wconf 92' lang='lat' dir='ltr'>A.</span> <span class='ocrx_word' id='word_1_186' title='bbox 491 4202 642 4253; x_wconf 85' lang='lat' dir='ltr'>Gellii</span> <span class='ocrx_word' id='word_1_187' title='bbox 673 4206 846 4255; x_wconf 76' lang='lat' dir='ltr'>Noctes</span> <span class='ocrx_word' id='word_1_188' title='bbox 875 4204 1090 4267; x_wconf 76' lang='lat' dir='ltr'>Atticae,</span> <span class='ocrx_word' id='word_1_189' title='bbox 1123 4205 1206 4254; x_wconf 90' lang='lat' dir='ltr'>ed.</span> <span class='ocrx_word' id='word_1_190' title='bbox 1236 4204 1472 4267; x_wconf 86' lang='lat' dir='ltr'>Tauchn,</span> <span class='ocrx_word' id='word_1_191' title='bbox 1505 4205 1731 4270; x_wconf 70' lang='lat' dir='ltr'>Lipsiae,</span> <span class='ocrx_word' id='word_1_192' title='bbox 1770 4206 1908 4266; x_wconf 89' lang='grc'><strong>1878,</strong></span> <span class='ocrx_word' id='word_1_193' title='bbox 1941 4211 2040 4256; x_wconf 86' lang='lat' dir='ltr'>etc.</span> 
     </span>
     <span class='ocr_line' id='line_1_23' title="bbox 457 4288 1392 4354; baseline 0.01 -15"><span class='ocrx_word' id='word_1_194' title='bbox 457 4289 524 4354; x_wconf 74' lang='lat'>(2)</span> <span class='ocrx_word' id='word_1_195' title='bbox 553 4288 683 4343; x_wconf 85' lang='lat' dir='ltr'>coll.</span> <span class='ocrx_word' id='word_1_196' title='bbox 716 4290 913 4344; x_wconf 80' lang='lat' dir='ltr'>Niserd</span> <span class='ocrx_word' id='word_1_197' title='bbox 942 4299 996 4344; x_wconf 83' lang='lat' dir='ltr'>et</span> <span class='ocrx_word' id='word_1_198' title='bbox 1027 4293 1392 4348; x_wconf 83' lang='lat' dir='ltr'>Panckoucke.</span> 
     </span>
    </p>
   </div>
   <div class='ocr_carea' id='block_1_4' title="bbox 2182 4398 2205 4460">
    <p class='ocr_par' dir='ltr' id='par_1_4' title="bbox 2182 4398 2205 4460">
     <span class='ocr_line' id='line_1_24' title="bbox 2182 4398 2205 4460; baseline 0 0"><span class='ocrx_word' id='word_1_199' title='bbox 2182 4398 2205 4460; x_wconf 90' lang='lat'>1</span> 
     </span>
    </p>
   </div>
  </div>
 </body>
</html>
