3125 4959
634 1361 720 1432 11.
788 1399 881 1413 -
945 1361 1043 1432 ΟΕ
1106 1360 1542 1432 ΑυοΤοΒιΒυε
1608 1378 1788 1444 Quos
1845 1379 2129 1431 meeum*
2182 1360 2471 1433 GELLms
2535 1380 2761 1432 pauco

1329 1505 1504 1557 ANTE
1552 1505 1692 1558 mm
1745 1504 2048 1558 runca-ns.

1239 1793 1305 1859 1⁰
1358 1788 1468 1859 De
1518 1788 1760 1860 Plinio
1810 1790 2162 1862 Secundo.

732 2044 831 2116 De
885 2041 1092 2115 (icilii
1148 2041 1505 2132 magistris
1556 2047 1627 2112 ct
1662 2040 1754 2112 iis
1799 2041 1923 2131 qui
1964 2042 2212 2113 eodem
2254 2049 2577 2134 tempore
2613 2043 2767 2117 fue·

636 2174 802 2241 runt
835 2167 1204 2240 hactenus.
1249 2166 1453 2238 Nunc
1489 2184 1674 2256 ques
1714 2141 1961 2256 legerit
1998 2174 2068 2238 et
2107 2184 2293 2257 quae
2331 2165 2419 2239 de
2452 2167 2541 2240 iis
2568 2166 2764 2258 judi-

633 2292 893 2365 caverit
932 2290 1345 2364 dicendum.

731 2417 923 2490 Inter
956 2435 1080 2489 cos
1120 2415 1241 2506 qui
1282 2416 1629 2508 proximis
1671 2422 1838 2487 ante
1879 2434 2041 2487 eum
2086 2418 2393 2490 saeculis
2431 2418 2766 2492 vixerunt
3121 2495 3122 2498 a

640 2541 933 2616 notandi
989 2550 1161 2615 sunt
1231 2542 1506 2613 Plinius
1564 2540 1983 2624 Secundus,
2056 2541 2393 2614 Annaeus
2450 2543 2763 2627 Seneca,
3121 2539 3122 2574 ;

636 2667 1038 2759 Epictetus,
1097 2667 1188 2739 M.
1261 2666 1472 2750 Catu,
1534 2668 1612 2737 T.
1676 2666 1958 2745 Cicero,
2033 2666 2359 2759 Nigidius
2430 2668 2761 2760 Figulus,

639 2795 793 2868 Ter.
839 2793 1058 2866 Varro
1088 2789 1217 2887 (l).

743 2917 1018 2990 Plinius
1059 2917 1318 2990 dicitur
1354 2915 1471 2987 vir
1506 2916 1585 2986 in
1620 2917 2043 3010 temporibus
2076 2919 2322 2989 aetatis
2348 2941 2542 3004 suae,
2576 2921 2771 3012 inqe—

161 3074 212 3127 t..
239 3074 387 3138 me,
414 3089 484 3138 w,
510 3079 588 3126 1³.
643 3043 753 3116 m'i
801 3041 1302 3137 d2·9n2·tacisque
1346 3041 1643 3135 qratia,
1690 3044 2104 3114 auctoritate
2152 3067 2424 3137 moyna
2459 3045 2766 3138 praedi-

644 3175 752 3240 tus
792 3168 922 3265 (Ξ).
963 3170 1167 3256 Quod
1202 3188 1343 3241 non
1379 3169 1680 3260 impedit
1705 3170 1878 3259 quin
1914 3163 2262 3260 quasdam
2298 3172 2454 3260 ejus
2487 3173 2772 3263 opinio·

644 3316 770 3371 nes
820 3297 1090 3388 rejiciat
1140 3294 1269 3390 (5).
1328 3296 1700 3387 vituperat
1748 3297 1939 3367 enirn
2008 3315 2169 3367 eum
2238 3297 2510 3402 Gellius
2574 3298 2771 3389 quod

640 3423 1091 3497 incredibilia
1123 3429 1445 3493 monstra
1480 3424 1875 3495 narraverit
1905 3441 2131 3513 caque
2151 3423 2552 3496 Democrito
2575 3424 2773 3497 attri-

640 3548 876 3621 buerit
929 3543 1068 3641 (4),
1131 3546 1551 3637 videturque
1611 3547 1825 3621 ctiam
1895 3565 2058 3619 cum
2130 3565 2289 3620 cum
2359 3548 2521 3621 istis
2585 3550 2771 3621 male

699 3828 770 3894 (1)
801 3824 881 3880 Cf.
912 3826 1130 3891 Teuffel,
1161 3841 1243 3892 op.
1266 3831 1374 3890 cit„
1405 3829 1623 3893 passim.
3115 3843 3116 3892 l

700 3918 767 3981 (a)
799 3917 951 3978 ιῡεα..
980 3924 1017 3968 t.
1053 3917 1121 3977 11,
1152 3934 1203 3984 ρ.
1233 3916 1346 3969 244.
3115 3903 3116 3918 ¹

699 4008 766 4072 (3)
795 4006 881 4058 Cf.
910 4007 1104 4071 Mont.‚
1133 4010 1167 4057 l.
1201 4006 1240 4071 Ι,
1267 4022 1317 4057 c.
1345 4019 1500 4069 xxv13
1527 4009 1560 4058 l.
1593 4007 1660 4071 ΙΙ,
1693 4022 1740 4059 c.
1773 4020 1875 4063 xit:
1910 4010 1945 4059 l.
1981 4007 2061 4069 11,
2088 4023 2134 4060 c.
2168 4020 2287 4072 κεν,
2319 4010 2405 4060 ubi
2441 4010 2570 4061 haee
2607 4011 2770 4062 refert

638 4097 796 4147 Plinii
828 4098 1146 4148 sententiam
1175 4117 1187 4147 ε
1216 4116 1243 4143 α
1268 4097 1453 4148 Solum
1480 4104 1684 4150 certum
1716 4098 1845 4147 nihil
1872 4113 1991 4149 esse
2016 4099 2167 4154 certi,
2193 4105 2245 4148 et
2268 4099 2481 4149 homine
2505 4099 2637 4150 nihil
2667 4099 2770 4148 mi-

637 4188 807 4237 serius
835 4192 926 4237 aut
956 4188 1251 4251 superbius
1279 4205 1304 4231 n
2579 4197 2584 4204 ·

700 4276 765 4339 (4)
799 4274 936 4327 Vide
963 4278 1103 4327 infra
1130 4276 1198 4326 de
1230 4275 1551 4328 Democrito,
