3125 4959
1300 516 1376 527 ..
1420 481 1492 542 57
1542 515 1614 526 ..

386 619 527 701 rit.
569 638 650 692 ac
688 620 1047 711 quomodo
1095 619 1282 693 alius
1331 619 1473 692 alia
1519 618 1634 690 via
1669 615 1761 690 ad
1805 617 2113 690 similem
2165 616 2308 689 fere
2348 634 2520 687 con-

385 744 788 818 clusionem
830 745 1257 837 pervenerit.
1304 747 1734 835 Plerumque
1773 743 1964 817 enim
2016 761 2162 815 non
2199 749 2400 815 curat
2436 743 2524 811 iile

385 869 488 941 iis
528 889 711 960 quae
749 871 840 944 ad
884 870 1367 964 metaphysica
1404 870 1738 943 attinent.

497 997 916 1088 Protagorae
966 996 1349 1096 exprobrat
1388 994 1581 1087 quod
1616 992 2008 1065 insincerus
2045 992 2260 1065 fuerit
2300 991 2524 1083 philo-

387 1118 646 1212 sophus
700 1127 769 1192 et
816 1118 1294 1213 sophistarum
1330 1119 1773 1201 acerrimus,
1820 1118 1987 1191 dein
2014 1173 2031 1200 ,
2077 1118 2271 1209 quod
2298 1139 2520 1211 pecu-
2608 1143 2656 1191 l..
2692 1143 2745 1203 r,
2777 1155 2817 1191 ε.
2853 1159 2901 1203 1.
2937 1147 2981 1191 a.

389 1250 592 1317 niam
650 1244 1004 1337 inqentem
1058 1269 1103 1315 a
1164 1245 1525 1340 dismpulis
1581 1244 1934 1337 acciperet
1987 1266 2303 1314 annuam
2372 1243 2464 1339 (1)
2500 1299 2516 1323 ,

394 1377 755 1462 postremo
814 1371 1054 1462 quod,
1114 1351 1459 1463 pecuniae
1516 1370 1961 1454 mercedem,
2022 1388 2099 1441 se
2151 1368 2223 1440 id
2279 1367 2532 1440 docere

391 1496 848 1587 polliceretur
882 1518 1192 1589 quanam
1239 1495 1617 1567 verborum
1670 1492 2023 1565 industria
2064 1516 2282 1565 causa
2328 1495 2532 1583 infir-

391 1619 582 1691 mior·
616 1619 825 1710 fieret
857 1621 1101 1715 potior
1147 1621 1239 1717 (2)
1275 1676 1291 1705 ‚
1338 1641 1482 1713 qua
1520 1620 1609 1693 de
1650 1640 1723 1693 re
1763 1619 2034 1693 Gellius
2075 1627 2144 1693 et
2184 1620 2528 1691 Aristum

393 1748 501 1819 les
541 1748 974 1822 conveniunt
1020 1745 1115 1841 (5)
1142 1803 1159 1830 ‚
1198 1747 1508 1839 priorem
1547 1765 1709 1819 vero
1750 1747 2273 1818 accusationem
2320 1747 2528 1815 sinon

393 1870 690 1959 falsam,
743 1871 1246 1963 amplificatam
1305 1874 1556 1945 saltem
1609 1872 1834 1945 fuisse
1887 1871 2180 1962 quidam
2233 1879 2524 1942 conten-

395 1995 578 2068 dunt
619 1994 747 2091 (4).

492 2121 743 2193 Narrat
782 2138 1074 2213 quoque
1125 2122 1488 2214 quomodo
1551 2124 1976 2213 Protagorae
2016 2121 2528 2212 parsimoniam

394 2265 587 2318 unus
626 2266 664 2319 e
697 2243 1101 2339 discipuliS‚
1148 2250 1488 2321 Evathlus
1529 2248 1852 2339 quidam,
1897 2253 2312 2339 argumento
2356 2247 2528 2315 reci-

393 2389 643 2461 proco,
686 2372 939 2445 luserit
977 2373 1172 2465 quod
1211 2373 1454 2446 Graeci
1493 2375 1880 2468 ἀντιστρέφον
1933 2371 2181 2444 dicunt
2224 2394 2240 2440 ε
2286 2379 2528 2441 contra

395 2497 586 2567 enim
626 2497 863 2587 ipsum
908 2498 1031 2588 qui
1065 2517 1146 2571 eo
1179 2518 1354 2570 usus
1387 2507 1493 2570 est
1520 2497 1801 2591 referri
1830 2504 2063 2589 potest
2094 2504 2162 2569 et
2193 2495 2532 2583 utrinque
2616 2515 2664 2563 L.
2696 2515 2753 2576 r,
2785 2527 2829 2563 a.
2861 2527 2909 2575 x,
2941 2519 2985 2559 ³„

393 2621 661 2713 pariter
700 2624 908 2697 valet.
958 2626 1143 2696 Haec
1177 2614 1478 2697 historia
1501 2623 1822 2716 jncunda
1857 2639 2031 2697 sane
2061 2630 2130 2695 et
2158 2622 2528 2713 ingeniosa

394 2748 559 2820 aliis
607 2745 700 2842 (5)
750 2749 1052 2832 videtur,
1096 2750 1259 2821 aliis
1292 2769 1435 2822 non
1475 2749 1889 2821 verisimilis
1928 2747 2120 2840 quod
2161 2746 2404 2820 eadem
2444 2747 2528 2819 de

395 2873 657 2947 Corace
715 2882 784 2947 et
851 2874 1042 2947 Tisia
1101 2885 1430 2949 narratur
1498 2874 1653 2971 (6),
1723 2875 2062 2968 quodque
2126 2872 2528 2945 enodabilis

396 2998 575 3073 forte
614 3001 938 3090 quaestio
979 3001 1112 3074 fuit
1150 3001 1240 3073 iis
1281 3002 1540 3074 similis
1581 3021 1761 3093 quas
1798 3020 1926 3092 pro
1959 3000 2286 3091 exemplo
2320 2995 2528 3067 disci-

397 3123 592 3215 pulis
631 3123 783 3196 suis
815 3125 1181 3216 sophistae
1215 3145 1615 3219 proponere
1651 3126 1979 3198 solebant
2026 3122 2148 3220 (7).

498 3248 700 3320 Alius
763 3249 1134 3339 sophista,
1201 3250 1541 3323 Prodicus
1596 3251 1827 3332 Ceus,
1885 3250 2088 3341 cujus
2144 3247 2384 3320 fabula
2440 3247 2528 3319 de
2588 3263 2937 3323 natm-z.

468 3652 534 3716 (l)
566 3649 644 3703 Cf.
671 3652 856 3713 Zeller,
887 3657 921 3701 t.
955 3641 1027 3717 II,
1060 3669 1109 3717 p.
1143 3651 1257 3715 463,·
1283 3653 1391 3703 490.

466 3741 532 3805 (2)
561 3740 641 3791 Cf.
673 3740 814 3801 Cic.,
849 3742 910 3791 ln
945 3744 1116 3801 Brut.‚
1149 3740 1314 3802 v111;
1349 3743 1536 3801 Acad„
1568 3741 1655 3796 11.
1684 3742 1761 3792 23.
1797 3768 1854 3777 -
1883 3740 2147 3803 Fouillee,
2181 3740 2312 3790 Phil.
2352 3743 2408 3787 dr.-
2436 3747 2528 3791 So-

389 3839 553 3908 crate,
582 3837 620 3882 t.
655 3832 726 3894 11,
756 3847 810 3895 p.
840 3832 950 3882 251.

463 3920 533 3983 (3)
564 3917 645 3970 Cf.
673 3919 858 3981 Zoster,
892 3926 928 3969 t.
961 3919 1027 3979 ΙΙ,
1059 3935 1112 3984 p.
1144 3920 1254 3970 532.
1347 3976 1353 3981 ,

465 4009 534 4073 (4)
557 4009 745 4074 Zeller,
771 4010 805 4060 l.
838 4010 873 4061 l.
1380 4055 1384 4060 .

466 4100 534 4163 (5)
559 4098 740 4163 Grote,
773 4106 808 4149 t.
843 4100 969 4162 XII,
993 4116 1046 4165 p.
1079 4099 1183 4151 186.
1215 4126 1277 4139 -—
1306 4098 1562 4163 Montan„
1590 4102 1626 4152 l.
1662 4101 1703 4163 1,
1729 4114 1777 4151 c.
1804 4113 1947 4150 xxiv.

466 4189 531 4253 (6)
557 4190 743 4251 Zeller,
774 4196 810 4242 t.
848 4189 916 4247 11,
941 4205 991 4254 p.
1025 4190 1134 4240 463.

470 4280 534 4344 (7)
566 4280 662 4337 Id„
694 4280 822 4331 ibid.
