3125 4959
159 671 213 722 1„
251 674 297 734 Ι,
331 685 374 722 c.
407 685 455 722 v.

99 1447 148 1498 1„
187 1439 281 1496 vu,
311 1449 352 1488 c.
383 1451 450 1496 xi,
479 1439 521 1488 1.

125 2073 174 2122 l„
213 2067 333 2126 xlll,
363 2079 404 2116 c.
437 2080 502 2116 iv.

143 2946 192 2997 l„
227 2943 303 3006 xl,
334 2957 377 2994 c,
412 2955 510 2994 vm.

119 3321 167 3370 1,.
201 3319 298 3382 XV,
328 3331 371 3370 c.
403 3332 469 3378 vt,
497 3322 541 3368 1.

124 3697 172 3746 1,.
203 3695 279 3752 xl,
304 3709 343 3746 c.
373 3707 474 3752 xvi,
496 3699 544 3743 9.

148 3785 206 3794 -
231 3757 286 3820 x,
310 3771 351 3808 c.
376 3769 519 3808 xxm.

127 3945 176 3998 12.
207 3945 278 4006 vl,
309 3957 350 3994 c.
377 3959 445 4006 ιιι,
471 3948 548 3993 55.

1469 397 1832 458 —124-

572 533 806 606 etiam'
827 533 903 606 in
937 534 1193 607 habitu
1227 553 1311 607 ac
1350 535 1611 608 vestitu
1660 536 2089 609 modestiam
2130 538 2433 621 suadet,
2478 557 2563 610 ac
2600 556 2729 611 ve-

575 659 969 732 nustiorem
1011 660 1327 752 corporis
1357 661 1628 733 cultum
1667 662 2178 735 Demosthenis
2213 671 2285 735 et
2322 663 2727 750 Hortensii,

577 790 653 856 ut
683 783 1191 875 supradictum
1225 790 1360 868 est,
1390 802 1552 856 cum
1580 782 1982 877 subaqresti
2004 787 2423 880 etinfestivo
2444 790 2523 859 L.
2558 789 2735 859 Tor-

575 907 773 1000 quati
804 906 1087 999 inqenio
1114 908 1409 992 confert,
1440 908 1862 1001 significans
1896 911 2222 984 medium
2255 912 2439 1003 quid
2460 932 2542 985 se
2560 931 2731 1004 pro-

577 1031 747 1106 bare
782 1040 852 1107 et
884 1033 1308 1127 elegantiam
1349 1034 1582 1126 ipsam
1625 1035 1833 1126 quasi
1876 1035 2123 1108 minus
2154 1037 2586 1110 offensionis
2608 1038 2733 1109 ha·

578 1156 864 1232 hentem
915 1159 1295 1251 praeferre.
1369 1159 1709 1231 Hortatur
1769 1158 1988 1231 etiam
2050 1167 2129 1233 ut
2196 1163 2277 1233 in
2343 1162 2730 1233 hominum

579 1286 1001 1358 commercio
1035 1302 1408 1358 caveamus
1448 1285 1789 1358 conviciis
1833 1291 1905 1357 et
1952 1287 2356 1359 maledictis
2410 1307 2574 1359 cum
2617 1288 2733 1359 in-

581 1409 1089 1504 quinatissimo
1126 1428 1416 1503 quoque
1454 1410 1816 1483 decertare
1839 1464 1858 1493 ,
1902 1429 1995 1484 ne
2043 1411 2403 1503 tantisper
2436 1413 2594 1502 ejus
2630 1412 2732 1484 si-

585 1535 791 1610 miles
826 1543 896 1608 et
928 1554 1296 1629 compares
1338 1535 1600 1608 fiamus
1629 1590 1646 1619 ‚
1703 1535 1875 1607 dum
1917 1538 2284 1628 comparia
2331 1545 2404 1609 et
2456 1536 2735 1609 similia

580 1659 887 1736 dicimus
945 1668 1160 1753 atque
1216 1659 1603 1732 audimus:
1665 1676 1809 1751 quo
1873 1667 2251 1751 praecepto
2322 1660 2544 1733 simul
2602 1659 2729 1732 de·

583 1792 935 1864 monstrat
974 1803 1188 1877 quam
1230 1784 1635 1876 perniciosa
1678 1783 1827 1855 sint
1863 1784 2275 1874 exemplum
2310 1791 2384 1857 et
2426 1803 2733 1858 consue-

584 1912 784 1989 tudo.
831 1913 929 1985 Eo
969 1909 1357 1984 modestiae
1397 1908 1641 1981 studio
1682 1907 1950 1980 incitus
1990 1917 2239 1980 narrat
2268 1923 2487 2000 quam
2519 1910 2737 1982 comi-

585 2051 690 2117 ter
746 2035 1132 2113 Alexandri
1205 2032 1615 2126 superbiam
1683 2031 1808 2124 qui
1870 2051 1947 2105 se
1996 2033 2191 2104 Jovis
2259 2033 2493 2105 filium
2570 2053 2735 2106 esse

586 2164 1041 2264 praedicabat
1072 2160 1438 2254 Olympias
1473 2139 1702 2230 mater
1734 2156 2308 2248 reprehenderit,
2335 2160 2733 2231 Varronem

588 2297 916 2374 secutus,
977 2289 1179 2380 qu'us
1225 2283 1716 2358 testimonium
1756 2282 1950 2354 bona
1988 2281 2132 2355 fide
2188 2283 2472 2375 accipit.
2528 2283 2732 2355 lllam

590 2417 971 2514 praecipue
998 2410 1407 2505 superbiam
1443 2408 1838 2516 modestiae
1877 2408 2036 2480 fuco
2078 2408 2419 2481 latentem
2460 2415 2530 2480 et
2563 2408 2734 2481 sub-

593 2543 926 2618 missiora
965 2556 1177 2631 quam
1236 2536 1627 2608 sinceriora
1684 2533 1942 2616 verba,
2008 2533 2277 2624 quibus
2329 2534 2406 2606 in
2456 2533 2730 2626 praefa-

595 2669 788 2746 tione
841 2682 1134 2739 suorum
1189 2662 1537 2734 librorum
1612 2659 1906 2749 quidam
1977 2660 2396 2751 scriptores,
2462 2668 2541 2731 ut
2591 2659 2734 2731 sibi

597 2797 925 2869 lectorem
969 2788 1375 2868 concilient,
1421 2792 1749 2867 utuntur,
1794 2784 2036 2875 lepido
2071 2785 2365 2856 Catonis
2403 2785 2733 2875 exemplo

596 2921 872 2998 irridet.
910 2919 1246 2990 Sincerus
1299 2919 1536 2986 tamen
1597 2912 1751 3003 ipse
1809 2910 2088 2983 videtur
2137 2928 2341 2991 cum,
2401 2926 2736 2981 sermone

598 3045 908 3142 quodam
951 3038 1305 3120 Favorini,
1342 3038 1544 3129 cujus
1577 3034 2053 3107 admiratione
2087 3042 2156 3106 et
2185 3053 2456 3117 amore,
2492 3033 2567 3105 in
2602 3034 2738 3105 hoc

599 3171 889 3267 quidem
932 3186 1077 3242 non
1125 3162 1545 3245 mediocris,
1603 3161 1990 3252 flagrabat,
2040 3160 2332 3251 jejune,
2389 3164 2735 3253 quantum
2808 3237 2821 3246 ,

596 3295 993 3369 meminisse
1023 3289 1277 3386 potuit,
1312 3288 1569 3368 relato,
1607 3304 1811 3357 suam
1855 3283 2264 3354 tenuitatem
2306 3285 2690 3358 confitetur
2713 3340 2730 3367 ,

599 3431 668 3499 et
702 3423 879 3496 alias
905 3439 1062 3494 cum
1098 3418 1189 3491 M.
1234 3413 1446 3486 Tullii
1478 3428 1820 3491 errorem,
1853 3431 2056 3503 quem
2078 3409 2299 3503 possit
2322 3429 2738 3500 coquoscere

598 3569 739 3620 non
790 3544 1043 3640 aliquis
1090 3538 1582 3624 eruditorum,
1639 3543 1889 3619 notat,
1941 3544 2067 3608 aut
2109 3534 2626 3629 perfectissime
2675 3541 2738 3603 et

592 3671 1004 3770 planissime
1041 3689 1084 3742 a
1121 3666 1407 3741 Graecis
1447 3663 1636 3735 dicta
1676 3662 2145 3753 Platonisque
2200 3662 2410 3735 verba
2466 3660 2542 3731 in
2584 3660 2739 3731 lati—

604 3819 769 3874 nam
813 3800 1127 3890 linguam
1169 3798 1439 3865 vertere
1476 3808 1553 3862 se
1593 3805 1737 3859 non
1771 3786 2085 3858 valuisse
2127 3784 2572 3877 pronuntiat,
2617 3791 2742 3857 aut

603 3933 963 4021 postremo
1003 3938 1164 3995 cum
1201 3919 1499 3992 lectores
1540 3920 1871 4005 precatur
1927 3918 2006 3983 ut
2045 3909 2410 4004 epistolam
2458 3908 2740 3979 Tironis

608 4051 707 4124 ad
738 4048 1015 4122 Aoeium
1054 4043 1423 4136 requirant
1476 4047 1545 4112 et
1597 4040 1836 4129 legant
1884 4056 2026 4128 quo
2081 4037 2383 4127 aequius
2438 4035 2527 4109 de
2584 4036 2738 4107 suis

609 4177 840 4275 ipsius
882 4172 1115 4249 verbis
1144 4167 1491 4261 judicium
1535 4164 1790 4237 serant.
1849 4162 1966 4234 Sic
2018 4159 2362 4255 praecipit
2423 4166 2501 4233 ut
2556 4158 2736 4232 nihil
