3125 4959
1229 520 1554 583 ..29-

318 686 462 735 non
499 658 763 756 parvis
812 679 941 730 nec
991 656 1276 747 abjectis
1312 657 1615 750 inyem‘is
1666 657 1992 730 accidere
2016 714 2034 740 ‚
2077 658 2203 728 sed
2237 660 2468 732 nescio

320 787 498 884 quid
545 783 913 857 heroicum
963 781 1260 868 habere,
1309 782 1713 873 adjecitque
1768 783 1991 856 facete
2039 784 2199 866 ilia,
2260 788 2320 856 si
2376 788 2468 856 ab

323 913 754 986 Antisthene
794 915 921 982 aut
969 909 1283 1000 Diogene
1322 908 1510 981 dicta
1542 916 1827 990 essent,
1874 910 2218 982 memoria
2256 912 2472 1000 digua

319 1039 475 1111 visa
505 1055 698 1110 esse.
1243 1099 1252 1113 ,

420 1164 548 1234 His
588 1179 885 1253 prorsus
926 1144 1271 1232 omnibus
1304 1158 1546 1232 videre
1591 1159 1756 1232 licet
1795 1178 1939 1250 qua
1970 1159 2084 1230 via
2124 1161 2198 1231 in
2242 1160 2476 1250 philu-

321 1287 581 1380 sophia
617 1284 1047 1379 processerit
1103 1283 1496 1356 Favorinus
1540 1302 1869 1375 quasque
1909 1284 2332 1376 disciplinas
2376 1288 2472 1356 vi-

323 1412 568 1487 cissim
602 1411 982 1502 amplexus
1018 1409 1137 1481 sit.
1184 1409 1486 1500 Epicteti
1531 1410 1841 1500 primum
1882 1409 2280 1500 discipulus
2328 1408 2420 1500 (1]
2452 1464 2468 1492 s„

323 1539 529 1629 cujus
577 1536 1059 1608 admiratione
1113 1534 1503 1626 flagrabat,
1563 1553 1961 1625 quemque.
2013 1536 2340 1625 quamvis
2380 1536 2472 1608 ad

322 1660 786 1734 Academicos
845 1661 950 1732 vel
1005 1659 1434 1751 pyrrhonios
1473 1679 1515 1730 a
1555 1654 1815 1731 Stoicis
1850 1659 2267 1740 devenerit,
2320 1664 2472 1732 luu-

323 1787 542 1860 dibus
592 1785 1100 1877 prosequitur,
1157 1791 1520 1874 postremo
1562 1784 1953 1857 Carneadis
2000 1785 2472 1858 AEnesidemi-

324 1929 468 2001 que
514 1909 775 2002 placita
827 1915 1116 1981 secutus
1171 1915 1278 1980 est
1337 1905 1430 2002 (Ξ)
1495 1934 1511 1979 :
1575 1907 1768 1980 unde
1825 1908 1904 1982 fit
1958 1916 2035 1981 ut
2089 1911 2320 1982 utrius
2380 1912 2472 1980 sit

324 2043 562 2108 sectae
602 2033 789 2106 iuter
827 2033 1302 2125 philosophos
1339 2032 1745 2124 ambigatur
1781 2039 1850 2105 et
1882 2033 2210 2106 concludi
2241 2036 2472 2125 possit

328 2177 539 2241 eum,
592 2155 971 2250 perpensis
1022 2158 1231 2229 libris
1280 2157 1435 2247 ejus
1488 2163 1559 2229 et
1615 2156 1871 2248 agendi
1921 2156 2472 2248 disserendique

330 2285 649 2365 ratione,
692 2282 784 2354 ab
839 2290 1142 2373 utraque
1182 2282 1582 2373 discipiana
1629 2291 2002 2374 praecepta
2051 2302 2182 2356 sua
2228 2301 2472 2376 sump—

203 2455 216 2459 -
332 2409 518 2481 sisse
573 2426 704 2482 nec
760 2407 1013 2479 utrivis
1082 2406 1476 2497 quidquam
1538 2406 1627 2479 de
1690 2426 1821 2479 suo
1885 2407 2257 2496 adjecisse.
2324 2408 2472 2480 liiis

331 2530 660 2622 alioquin
697 2531 1058 2603 assentior
1112 2532 1233 2622 qui
1278 2532 1466 2604 hanc
1510 2550 1657 2603 rem
1700 2533 1896 2624 parvi
1940 2536 2280 2606 momenti
2320 2552 2472 2606 ues-

331 2657 808 2736 timaverunt‚
867 2673 1028 2727 cum
1083 2655 1530 2746 temporibus
1585 2658 1914 2728 Favorini
1980 2658 2348 2750 pyrrhonii
2408 2668 2476 2732 et

330 2779 717 2852 academici
777 2780 1004 2851 multa
1060 2779 1328 2852 similia
1385 2781 1491 2852 vel
1539 2780 1755 2851 etiam
1809 2783 2219 2854 communia
2259 2784 2476 2856 habe-

333 2911 495 2978 rent
532 2902 661 2998 (5).
707 2903 912 2990 Quod
955 2904 1164 2976 si‘vis
1203 2903 1586 2977 decernere
1630 2923 1815 2995 quae
1853 2923 2014 2977 eum
2061 2907 2472 2998 loquentem

333 3028 690 3101 audiverit
719 3047 1049 3119 quaeque
1072 3047 1155 3102 ex
1184 3030 1341 3120 ejus
1377 3028 1581 3100 libris
1606 3031 2038 3120 excerpserit
2073 3032 2340 3104 Gellius
2384 3032 2472 3104 ad

334 3170 551 3243 opera
612 3149 706 3245 (4)
761 3171 979 3243 supra
1029 3153 1318 3225 laudata
1376 3160 1440 3226 te
1489 3171 1816 3225 revocare
1874 3162 2177 3244 oportet.
2233 3157 2468 3228 Unum

336 3283 724 3367 utcumque
755 3275 1094 3358 affirmari
1134 3284 1390 3369 potest,
1432 3278 1658 3350 Gellio
1692 3279 2078 3369 plurimum
2115 3280 2468 3370 profuisse

327 3401 656 3472 Favorini
699 3400 1255 3474 familiaritatem
1281 3456 1298 3485 ,
1355 3403 1559 3493 cujus
1619 3420 1852 3476 mores
1891 3410 1960 3476 et
1999 3404 2239 3476 studia
2276 3408 2468 3476 varia

325 3542 461 3615 pro
503 3524 690 3596 virili
738 3534 941 3617 parte
979 3525 1301 3599 imitatus
1340 3533 1476 3600 est.

397 3804 464 3868 (1)
491 3802 570 3855 Cf.
602 3804 801 3865 Ruske,
831 3821 883 3870 p.
915 3807 997 3858 60.

389 3893 466 3958 (2)
491 3892 570 3948 Cf.
596 3892 890 3958 Brocbard,
919 3911 1001 3962 op.
1035 3900 1142 3959 cit„
1169 3912 1223 3962 p.
1254 3896 1365 3949 261.

391 3982 465 4046 (3)
489 3982 641 4042 lbid..
670 3999 721 4048 p.
752 3984 976 4037 328-330.

392 4073 462 4137 (4)
494 4071 572 4124 Cf.
609 4072 802 4135 Ruske‚
835 4077 917 4133 53,
944 4076 1024 4127 61.
1052 4104 1111 4114 —
1140 4076 1414 4140 Merckiim
1445 4076 1539 4128 675
1563 4083 1617 4128 et
1642 4092 1750 4141 seq.
