3125 4959
1526 457 1844 532 ..404-

617 614 855 685 bonus
886 610 1169 684 dicendi
1212 610 1512 702 peritus,
1549 629 1833 681 summa
1873 629 2039 682 cura
2082 610 2292 683 refert
2333 611 2641 701 ideoque
2682 631 2762 685 se

619 745 784 808 ante
824 736 1068 807 omnia
1108 736 1207 808 rei
1251 736 1542 807 moralis
1585 735 1989 808 studiosum
2033 735 2257 807 fuisse
2298 736 2638 809 ostendit.

716 862 869 932 Non
940 859 1119 931 mihi
1183 859 1492 931 arbitror
1549 860 1758 950 plura
1815 860 1902 932 de
1961 860 2252 932 Catonis
2306 861 2758 934 orationibus

621 986 1089 1076 excerpenda,
1150 985 1324 1058 satis
1391 986 1684 1057 habenti
1742 1004 2296 1057 commemorare
2358 1006 2499 1076 qua
2564 986 2627 1057 vi
2688 994 2761 1059 et

171 1130 533 1188 1,.1tl,c.v11.
621 1111 893 1202 patriae
940 1129 1182 1183 amore
1229 1110 1586 1182 Leonidae
1624 1110 2030 1182 Caedicium
2072 1111 2452 1201 quemdam
2499 1109 2757 1204 (Labe-

623 1238 805 1308 rium
850 1242 1099 1308 vocant
1139 1235 1297 1329 alii)
1338 1244 1723 1326 comparet.
1775 1238 1874 1308 Ne
1922 1236 2096 1308 haec
2151 1244 2387 1309 tamen
2430 1237 2755 1328 philoso-

136 1381 185 1427 L.
216 1378 342 1438 xvi,
375 1392 417 1429 ο.
450 1392 482 1439 ι,
516 1384 559 1432 ι..
620 1362 743 1454 phi
795 1370 864 1434 et
907 1362 1216 1434 Musunii
1267 1362 1475 1433 dictis
1524 1356 1790 1433 similia
1831 1361 2247 1434 omittamus
2292 1388 2307 1433 :
2366 1388 2398 1425 ι
2438 1362 2757 1453 Cogitate

619 1507 777 1560 cum
821 1486 1084 1558 animis
1125 1488 1377 1558 vestris
1430 1512 1445 1557 ε
1506 1486 1569 1558 si
1628 1486 1804 1576 quid
1854 1505 1975 1558 vos
2026 1506 2151 1578 per
2209 1488 2521 1559 laborem
2570 1496 2758 1561 recte

618 1612 955 1694 feceritiS,
1009 1612 1210 1684 labor
1270 1611 1390 1683 ille
1445 1631 1488 1682 a
1537 1589 1762 1683 vobis*
1795 1611 2100 1694 recedet,
2156 1612 2340 1684 bene
2394 1612 2651 1684 factum
2712 1633 2756 1684 a

557 1789 576 1795 »-
620 1738 847 1820 vobiS,
905 1737 1073 1807 dum
1129 1735 1404 1818 vivetis,
1469 1755 1614 1808 non
1671 1736 2065 1809 abscedet:
2126 1737 2252 1810 sed
2311 1738 2372 1809 si
2428 1757 2571 1827 qua
2629 1757 2756 1829 per

619 1862 1049 1953 voluptatem
1109 1861 1440 1952 nequiter
1493 1862 1843 1943 feceritis,
1909 1862 2231 1953 voluptas
2296 1863 2432 1935 cito
2491 1862 2745 1944 abibit,

618 1987 948 2077 nequiter
995 1988 1254 2059 factum
1311 1987 1490 2058 illud
1551 1987 1743 2078 apud
1799 2006 1920 2059 vos
1976 2005 2258 2079 semper
2318 1988 2660 2061 manebit.
2707 2016 2736 2054 n

617 2114 954 2200 Quamvis
995 2113 1085 2184 ad
1128 2114 1302 2184 baec
1360 2113 1636 2183 nullum
1685 2111 2131 2203 probationis
2189 2113 2471 2203 signum
2532 2111 2753 2183 addat

615 2236 914 2315 Gellius,
950 2255 1032 2307 eo
1070 2236 1262 2326 quod
1304 2237 1497 2307 bunc
1532 2237 1763 2307 locum
1806 2237 2000 2316 citat,
2047 2242 2192 2307 toto
2236 2235 2445 2307 corde
2482 2233 2748 2306 admit-

615 2370 761 2434 tere
804 2361 1103 2434 videtur.

713 2490 1183 2578 Hoc'quoque
1223 2488 1630 2578 proverbio,
1674 2506 1816 2578 quo
1861 2487 2148 2577 saepius
2186 2487 2543 2568 utebatur,
2585 2505 2743 2559 cum

126 2614 555 2675 11·X¹¹¹‚0·xv¹¹¹-
614 2611 1039 2683 academicis
1082 2611 1250 2683 Cato
1294 2612 1812 2692 consentiebat,
1854 2631 1981 2683 nec
2013 2631 2233 2684 vanae
2275 2612 2425 2702 spei
2460 2612 2748 2684 creden·

615 2738 782 2809 dum
825 2755 983 2808 esse
1025 2737 1501 2809 contendebat
1536 2763 1551 2807 ε
1599 2765 1627 2801 «ι
1665 2740 1890 2828 Saepe
1921 2737 2158 2809 audivi
2190 2738 2379 2809 inter
2420 2756 2500 2809 os
2531 2745 2747 2828 atque

614 2864 824 2935 offam
861 2864 1083 2935 multa
1113 2864 1544 2936 intervenire
1575 2883 1832 2955 posse:
1873 2882 2282 2936 verumvero
2315 2865 2500 2936 inter
2531 2864 2742 2935 offam

612 2996 828 3079 atque
868 2989 1193 3071 herbam,
1230 2989 1329 3060 ibi
1370 3008 1529 3062 vero
1571 2991 1861 3080 longum
1906 2990 2359 3061 intervallum
2400 2986 2493 3083 (1)
2533 2995 2666 3061 est.
2700 3017 2729 3053 ι»

613 3114 782 3203 EJus
831 3114 1043 3185 etiam
1089 3113 1274 3185 dicta
1315 3113 1403 3186 de
1442 3114 1896 3204 pbilosophis
1943 3110 2351 3186 referuntur
2399 3133 2580 3205 quos
2619 3115 2743 3187 ilie

126 3253 176 3305 L.
208 3254 552 3315 XV111‚(:.V11·
612 3237 955 3310 factorum
1011 3239 1235 3329 magis
1295 3257 1508 3328 quam
1562 3237 1940 3309 verborum
1992 3246 2267 3310 amator
2315 3260 2511 3307 mera
2548 3260 2740 3307 mor-

609 3362 832 3433 tualz‘a
872 3383 1030 3436 esse
1068 3363 1306 3436 aiebat
1343 3359 1471 3456 (2),
1514 3363 1781 3453 quippe
1814 3382 1973 3434 cum
2007 3362 2191 3434 vitae
2221 3369 2431 3456 atque
2457 3386 2746 3434 morum

672 3674 736 3738 (1)
766 3672 1000 3723 Montan.
1035 3692 1059 3720 «
1092 3673 1136 3724 O
1166 3675 1215 3722 la
1245 3688 1572 3736 courageuse
1612 3675 1807 3724 saeuite
1842 3689 1944 3737 que
1976 3674 2361 3737 l'esperance...
2395 3678 2580 3724 nature
2608 3690 2745 3725 nous

604 3780 634 3812 a
664 3766 712 3812 la
739 3764 913 3813 donne
940 3777 1010 3812 un
1040 3764 1265 3826 plaisant
1291 3766 1467 3826 jouet!
1501 3782 1527 3810 n
1557 3765 1612 3827 (1.
1646 3764 1692 3827 l,
1719 3778 1770 3813 c.
1803 3765 1964 3828 xxm).

669 3854 735 3915 (⁶2)
767 3854 828 3903 In
869 3866 930 3902 eo
963 3854 1326 3903 consentiebat
1357 3851 1484 3902 Cato
1523 3867 1645 3902 cum
1678 3852 1911 3903 Pacuvio
1940 3855 2094 3916 cujus
2123 3855 2265 3904 hunc
2297 3867 2508 3904 versum
2539 3853 2743 3903 Macedo

602 3942 950 4007 philosophia,
986 3945 1069 3991 vir
1092 3943 1272 4003 bonne,
1299 3942 1456 3993 Gellii
1487 3942 1792 4006 familiaris,
1830 3942 1989 3993 scribi
2018 3943 2188 3994 debere
2214 3946 2463 3995 censebat
2488 3957 2584 4008 pro
2612 3940 2741 4006 sori·

604 4031 693 4079 bus
719 4032 953 4080 omnium
976 4031 1276 4097 templorum
1300 4046 1320 4082 .·

918 4163 1015 4217 Ego
1036 4163 1110 4206 odi
1130 4164 1335 4207 homines
1356 4163 1519 4217 ignava
1540 4175 1677 4220 opera
1696 4168 1741 4207 et
1765 4163 2031 4221 philosopha
2054 4165 2289 4209 sententia.

1903 4274 1991 4337 (A.
2019 4271 2175 4335 Geli„
2209 4274 2365 4333 XIII,
2393 4274 2527 4336 vm.)
