<?xml version="1.0" encoding="UTF-8"?>
<!DOCTYPE html PUBLIC "-//W3C//DTD XHTML 1.0 Transitional//EN"
    "http://www.w3.org/TR/xhtml1/DTD/xhtml1-transitional.dtd">
<html xmlns="http://www.w3.org/1999/xhtml" xml:lang="en" lang="en">
 <head>
  <title>
</title>
<meta http-equiv="Content-Type" content="text/html;charset=utf-8" />
  <meta name='ocr-system' content='tesseract 3.04.00' />
  <meta name='ocr-capabilities' content='ocr_page ocr_carea ocr_par ocr_line ocrx_word'/>
</head>
<body>
  <div class='ocr_page' id='page_1' title='image "./aulusgelliusqua00dewagoog_0084.png"; bbox 0 0 3125 4959; ppageno 0'>
   <div class='ocr_carea' id='block_1_1' title="bbox 146 932 509 995">
    <p class='ocr_par' dir='ltr' id='par_1_1' title="bbox 146 932 509 995">
     <span class='ocr_line' id='line_1_1' title="bbox 146 932 509 995; baseline 0.006 -13"><span class='ocrx_word' id='word_1_1' title='bbox 146 932 199 983; x_wconf 89' lang='lat' dir='ltr'>L.</span> <span class='ocrx_word' id='word_1_2' title='bbox 228 933 302 995; x_wconf 88' lang='lat'>11,</span> <span class='ocrx_word' id='word_1_3' title='bbox 334 946 377 984; x_wconf 88' lang='lat' dir='ltr'>c.</span> <span class='ocrx_word' id='word_1_4' title='bbox 406 947 509 984; x_wconf 88' lang='lat' dir='ltr'>vm.</span> 
     </span>
    </p>
   </div>
   <div class='ocr_carea' id='block_1_2' title="bbox 170 2424 484 2487">
    <p class='ocr_par' dir='ltr' id='par_1_2' title="bbox 170 2424 484 2487">
     <span class='ocr_line' id='line_1_2' title="bbox 170 2424 484 2487; baseline 0.003 -13"><span class='ocrx_word' id='word_1_5' title='bbox 170 2425 222 2474; x_wconf 86' lang='lat' dir='ltr'>L.</span> <span class='ocrx_word' id='word_1_6' title='bbox 253 2424 310 2487; x_wconf 79' lang='lat' dir='ltr'>V,</span> <span class='ocrx_word' id='word_1_7' title='bbox 342 2440 385 2477; x_wconf 91' lang='lat' dir='ltr'>c.</span> <span class='ocrx_word' id='word_1_8' title='bbox 413 2442 484 2478; x_wconf 88' lang='lat' dir='ltr'>m.</span> 
     </span>
    </p>
   </div>
   <div class='ocr_carea' id='block_1_3' title="bbox 590 403 2735 1632">
    <p class='ocr_par' dir='ltr' id='par_1_3' title="bbox 1506 403 1827 464">
     <span class='ocr_line' id='line_1_3' title="bbox 1506 403 1827 464; baseline 0.003 -16"><span class='ocrx_word' id='word_1_9' title='bbox 1506 438 1584 448; x_wconf 85' lang='grc'>..-</span> <span class='ocrx_word' id='word_1_10' title='bbox 1629 403 1703 464; x_wconf 74' lang='lat' dir='ltr'>5ss</span> <span class='ocrx_word' id='word_1_11' title='bbox 1747 437 1827 449; x_wconf 71' lang='lat'>..-</span> 
     </span>
    </p>

    <p class='ocr_par' dir='ltr' id='par_1_4' title="bbox 590 538 2735 1632">
     <span class='ocr_line' id='line_1_4' title="bbox 696 538 2734 632; baseline 0.002 -21"><span class='ocrx_word' id='word_1_12' title='bbox 696 538 998 611; x_wconf 81' lang='lat' dir='ltr'>Causam</span> <span class='ocrx_word' id='word_1_13' title='bbox 1040 546 1277 612; x_wconf 90' lang='lat' dir='ltr'>tamen</span> <span class='ocrx_word' id='word_1_14' title='bbox 1317 540 1632 632; x_wconf 88' lang='lat' dir='ltr'>Epicuri,</span> <span class='ocrx_word' id='word_1_15' title='bbox 1668 547 1747 613; x_wconf 90' lang='lat' dir='ltr'>ut</span> <span class='ocrx_word' id='word_1_16' title='bbox 1790 559 2010 632; x_wconf 89' lang='lat' dir='ltr'>supra</span> <span class='ocrx_word' id='word_1_17' title='bbox 2046 541 2734 624; x_wconf 82' lang='lat' dir='ltr'>demonstravimus,</span> 
     </span>
     <span class='ocr_line' id='line_1_5' title="bbox 597 664 2735 758; baseline 0.003 -23"><span class='ocrx_word' id='word_1_18' title='bbox 597 671 842 736; x_wconf 90' lang='lat' dir='ltr'>contra</span> <span class='ocrx_word' id='word_1_19' title='bbox 890 664 1345 736; x_wconf 79' lang='lat' dir='ltr'>Plutarchum</span> <span class='ocrx_word' id='word_1_20' title='bbox 1392 665 1536 757; x_wconf 89' lang='lat' dir='ltr'>agit</span> <span class='ocrx_word' id='word_1_21' title='bbox 1575 683 1705 756; x_wconf 90' lang='lat' dir='ltr'>pro</span> <span class='ocrx_word' id='word_1_22' title='bbox 1753 684 1888 737; x_wconf 91' lang='lat' dir='ltr'>usu</span> <span class='ocrx_word' id='word_1_23' title='bbox 1944 666 2138 738; x_wconf 86' lang='lat' dir='ltr'>verbi</span> <span class='ocrx_word' id='word_1_24' title='bbox 2189 667 2383 758; x_wconf 88' lang='lat' dir='ltr'>quod</span> <span class='ocrx_word' id='word_1_25' title='bbox 2432 687 2735 741; x_wconf 89' lang='lat' dir='ltr'>sensum</span> 
     </span>
     <span class='ocr_line' id='line_1_6' title="bbox 596 789 2727 888; baseline 0.002 -29"><span class='ocrx_word' id='word_1_26' title='bbox 596 789 862 879; x_wconf 84' lang='lat' dir='ltr'>promit</span> <span class='ocrx_word' id='word_1_27' title='bbox 911 789 1226 861; x_wconf 88' lang='lat' dir='ltr'>lucidum</span> <span class='ocrx_word' id='word_1_28' title='bbox 1282 797 1353 861; x_wconf 90' lang='lat' dir='ltr'>et</span> <span class='ocrx_word' id='word_1_29' title='bbox 1407 809 1534 881; x_wconf 91' lang='lat' dir='ltr'>pro</span> <span class='ocrx_word' id='word_1_30' title='bbox 1580 789 1829 884; x_wconf 81' lang='lat' dir='ltr'>forma</span> <span class='ocrx_word' id='word_1_31' title='bbox 1880 798 1949 863; x_wconf 90' lang='lat' dir='ltr'>et</span> <span class='ocrx_word' id='word_1_32' title='bbox 2000 791 2252 862; x_wconf 80' lang='lat' dir='ltr'><em>ordine</em></span> <span class='ocrx_word' id='word_1_33' title='bbox 2292 794 2727 888; x_wconf 80' lang='lat' dir='ltr'><strong>syllogismi,</strong></span> 
     </span>
     <span class='ocr_line' id='line_1_7' title="bbox 598 912 2734 1007; baseline 0.002 -22"><span class='ocrx_word' id='word_1_34' title='bbox 598 912 834 1005; x_wconf 90' lang='lat' dir='ltr'>specie</span> <span class='ocrx_word' id='word_1_35' title='bbox 882 914 1320 1005; x_wconf 88' lang='lat' dir='ltr'>imperfecti,</span> <span class='ocrx_word' id='word_1_36' title='bbox 1367 933 1441 990; x_wconf 89' lang='lat' dir='ltr'>re</span> <span class='ocrx_word' id='word_1_37' title='bbox 1481 922 1724 987; x_wconf 86' lang='lat' dir='ltr'>tamen</span> <span class='ocrx_word' id='word_1_38' title='bbox 1759 916 1980 1007; x_wconf 85' lang='lat' dir='ltr'>plane</span> <span class='ocrx_word' id='word_1_39' title='bbox 2032 916 2554 1002; x_wconf 78' lang='lat' dir='ltr'>concludentis,</span> <span class='ocrx_word' id='word_1_40' title='bbox 2592 919 2734 989; x_wconf 95' lang='lat' dir='ltr'>No-</span> 
     </span>
     <span class='ocr_line' id='line_1_8' title="bbox 598 1036 2730 1133; baseline 0.002 -23"><span class='ocrx_word' id='word_1_41' title='bbox 598 1036 816 1110; x_wconf 88' lang='lat' dir='ltr'>tanda</span> <span class='ocrx_word' id='word_1_42' title='bbox 852 1037 1047 1129; x_wconf 90' lang='lat' dir='ltr'>apud</span> <span class='ocrx_word' id='word_1_43' title='bbox 1086 1039 1389 1112; x_wconf 88' lang='lat' dir='ltr'>Gellium</span> <span class='ocrx_word' id='word_1_44' title='bbox 1423 1047 1533 1112; x_wconf 90' lang='lat' dir='ltr'>est</span> <span class='ocrx_word' id='word_1_45' title='bbox 1568 1039 1690 1112; x_wconf 89' lang='lat' dir='ltr'>illa</span> <span class='ocrx_word' id='word_1_46' title='bbox 1719 1041 1890 1113; x_wconf 88' lang='lat' dir='ltr'>certi</span> <span class='ocrx_word' id='word_1_47' title='bbox 1931 1049 2000 1113; x_wconf 89' lang='lat' dir='ltr'>et</span> <span class='ocrx_word' id='word_1_48' title='bbox 2039 1041 2413 1133; x_wconf 81' lang='lat' dir='ltr'>compositi</span> <span class='ocrx_word' id='word_1_49' title='bbox 2452 1042 2730 1115; x_wconf 86' lang='lat' dir='ltr'>ordinis</span> 
     </span>
     <span class='ocr_line' id='line_1_9' title="bbox 597 1164 2725 1259; baseline 0.002 -23"><span class='ocrx_word' id='word_1_50' title='bbox 597 1165 1028 1255; x_wconf 84' lang='lat' dir='ltr'>contemptio</span> <span class='ocrx_word' id='word_1_51' title='bbox 1059 1165 1182 1255; x_wconf 89' lang='lat' dir='ltr'>qui</span> <span class='ocrx_word' id='word_1_52' title='bbox 1220 1164 1490 1238; x_wconf 90' lang='lat' dir='ltr'>aridam</span> <span class='ocrx_word' id='word_1_53' title='bbox 1529 1171 1598 1239; x_wconf 88' lang='lat' dir='ltr'>et</span> <span class='ocrx_word' id='word_1_54' title='bbox 1635 1165 1957 1259; x_wconf 86' lang='lat' dir='ltr'>jejunam</span> <span class='ocrx_word' id='word_1_55' title='bbox 2008 1166 2397 1239; x_wconf 81' lang='lat' dir='ltr'>admodum</span> <span class='ocrx_word' id='word_1_56' title='bbox 2441 1168 2725 1241; x_wconf 87' lang='lat' dir='ltr'>ratioci-</span> 
     </span>
     <span class='ocr_line' id='line_1_10' title="bbox 591 1288 2732 1384; baseline 0.002 -24"><span class='ocrx_word' id='word_1_57' title='bbox 591 1288 956 1361; x_wconf 84' lang='lat' dir='ltr'>nationem</span> <span class='ocrx_word' id='word_1_58' title='bbox 1016 1288 1274 1371; x_wconf 89' lang='lat' dir='ltr'>efficit,</span> <span class='ocrx_word' id='word_1_59' title='bbox 1345 1292 1696 1381; x_wconf 89' lang='lat' dir='ltr'>cujusque</span> <span class='ocrx_word' id='word_1_60' title='bbox 1751 1310 1967 1362; x_wconf 87' lang='lat' dir='ltr'>causa</span> <span class='ocrx_word' id='word_1_61' title='bbox 2025 1293 2732 1384; x_wconf 89' lang='lat' dir='ltr'>recentiorespbilo-</span> 
     </span>
     <span class='ocr_line' id='line_1_11' title="bbox 591 1414 2726 1506; baseline 0.002 -22"><span class='ocrx_word' id='word_1_62' title='bbox 591 1414 800 1505; x_wconf 90' lang='lat' dir='ltr'>sophi</span> <span class='ocrx_word' id='word_1_63' title='bbox 879 1414 1372 1505; x_wconf 82' lang='lat' dir='ltr'>syllogismum</span> <span class='ocrx_word' id='word_1_64' title='bbox 1446 1414 1826 1506; x_wconf 86' lang='lat' dir='ltr'>repudiare</span> <span class='ocrx_word' id='word_1_65' title='bbox 1902 1417 2284 1488; x_wconf 85' lang='lat' dir='ltr'>voluerunt</span> <span class='ocrx_word' id='word_1_66' title='bbox 2374 1436 2532 1504; x_wconf 84' lang='lat' dir='ltr'>cum</span> <span class='ocrx_word' id='word_1_67' title='bbox 2602 1418 2726 1489; x_wconf 90' lang='lat' dir='ltr'>alii</span> 
     </span>
     <span class='ocr_line' id='line_1_12' title="bbox 590 1537 2732 1632; baseline 0.002 -24"><span class='ocrx_word' id='word_1_68' title='bbox 590 1537 1072 1609; x_wconf 79' lang='lat' dir='ltr'>strictioribus</span> <span class='ocrx_word' id='word_1_69' title='bbox 1111 1539 1552 1629; x_wconf 83' lang='lat' dir='ltr'>argumentis</span> <span class='ocrx_word' id='word_1_70' title='bbox 1589 1558 1750 1612; x_wconf 88' lang='lat' dir='ltr'>eum</span> <span class='ocrx_word' id='word_1_71' title='bbox 1787 1541 1972 1611; x_wconf 90' lang='lat' dir='ltr'>nihil</span> <span class='ocrx_word' id='word_1_72' title='bbox 2010 1560 2135 1632; x_wconf 92' lang='lat' dir='ltr'>per</span> <span class='ocrx_word' id='word_1_73' title='bbox 2173 1557 2253 1613; x_wconf 83' lang='lat' dir='ltr'>se</span> <span class='ocrx_word' id='word_1_74' title='bbox 2293 1542 2529 1614; x_wconf 87' lang='lat' dir='ltr'>valere</span> <span class='ocrx_word' id='word_1_75' title='bbox 2567 1561 2732 1613; x_wconf 88' lang='lat' dir='ltr'>con-</span> 
     </span>
    </p>
   </div>
   <div class='ocr_carea' id='block_1_4' title="bbox 589 1641 2722 1860">
    <p class='ocr_par' dir='ltr' id='par_1_5' title="bbox 589 1641 2722 1860">
     <span class='ocr_line' id='line_1_13' title="bbox 589 1641 2722 1758; baseline 0.002 -24"><span class='ocrx_word' id='word_1_76' title='bbox 589 1661 976 1734; x_wconf 88' lang='lat' dir='ltr'>tenderunt</span> <span class='ocrx_word' id='word_1_77' title='bbox 1012 1662 1151 1733; x_wconf 90' lang='lat' dir='ltr'>nisi</span> <span class='ocrx_word' id='word_1_78' title='bbox 1188 1663 1337 1753; x_wconf 77' lang='lat' dir='ltr'>Jam</span> <span class='ocrx_word' id='word_1_79' title='bbox 1384 1664 1722 1754; x_wconf 88' lang='lat' dir='ltr'>probetur</span> <span class='ocrx_word' id='word_1_80' title='bbox 1763 1664 1957 1755; x_wconf 89' lang='lat' dir='ltr'>quod</span> <span class='ocrx_word' id='word_1_81' title='bbox 1997 1641 2428 1756; x_wconf 74' lang='lat' dir='ltr'>generaliter</span> <span class='ocrx_word' id='word_1_82' title='bbox 2473 1686 2722 1758; x_wconf 88' lang='lat' dir='ltr'>sump-</span> 
     </span>
     <span class='ocr_line' id='line_1_14' title="bbox 590 1794 917 1860; baseline 0 -2"><span class='ocrx_word' id='word_1_83' title='bbox 590 1794 742 1859; x_wconf 86' lang='lat' dir='ltr'>tum</span> <span class='ocrx_word' id='word_1_84' title='bbox 781 1794 917 1860; x_wconf 89' lang='lat' dir='ltr'>est.</span> 
     </span>
    </p>
   </div>
   <div class='ocr_carea' id='block_1_5' title="bbox 1337 2039 1980 2133">
    <p class='ocr_par' dir='ltr' id='par_1_6' title="bbox 1337 2039 1980 2133">
     <span class='ocr_line' id='line_1_15' title="bbox 1337 2039 1980 2133; baseline -0.002 -21"><span class='ocrx_word' id='word_1_85' title='bbox 1337 2044 1411 2112; x_wconf 76' lang='lat'>50</span> <span class='ocrx_word' id='word_1_86' title='bbox 1461 2039 1573 2110; x_wconf 74' lang='lat' dir='ltr'>De</span> <span class='ocrx_word' id='word_1_87' title='bbox 1608 2039 1980 2133; x_wconf 78' lang='lat' dir='ltr'>Sophistis.</span> 
     </span>
    </p>
   </div>
   <div class='ocr_carea' id='block_1_6' title="bbox 594 2288 2731 3007">
    <p class='ocr_par' dir='ltr' id='par_1_7' title="bbox 594 2288 2731 3007">
     <span class='ocr_line' id='line_1_16' title="bbox 691 2288 2727 2386; baseline -0 -21"><span class='ocrx_word' id='word_1_88' title='bbox 691 2292 1071 2365; x_wconf 86' lang='lat' dir='ltr'>Democriti</span> <span class='ocrx_word' id='word_1_89' title='bbox 1111 2293 1237 2376; x_wconf 90' lang='lat' dir='ltr'>ait,</span> <span class='ocrx_word' id='word_1_90' title='bbox 1285 2291 1477 2384; x_wconf 89' lang='lat' dir='ltr'>quod</span> <span class='ocrx_word' id='word_1_91' title='bbox 1518 2299 1704 2365; x_wconf 90' lang='lat' dir='ltr'>recte</span> <span class='ocrx_word' id='word_1_92' title='bbox 1737 2290 2083 2366; x_wconf 77' lang='lat' dir='ltr'>refellitur</span> <span class='ocrx_word' id='word_1_93' title='bbox 2116 2288 2245 2386; x_wconf 86' lang='lat' dir='ltr'>(l),</span> <span class='ocrx_word' id='word_1_94' title='bbox 2289 2292 2727 2384; x_wconf 86' lang='lat' dir='ltr'>discipulum</span> 
     </span>
     <span class='ocr_line' id='line_1_17' title="bbox 594 2414 2726 2509; baseline 0 -21"><span class='ocrx_word' id='word_1_95' title='bbox 594 2417 817 2490; x_wconf 86' lang='lat' dir='ltr'>fuisse</span> <span class='ocrx_word' id='word_1_96' title='bbox 872 2420 1364 2509; x_wconf 88' lang='lat' dir='ltr'>Protagoram,</span> <span class='ocrx_word' id='word_1_97' title='bbox 1425 2436 1636 2507; x_wconf 89' lang='lat' dir='ltr'>quem</span> <span class='ocrx_word' id='word_1_98' title='bbox 1696 2424 1939 2489; x_wconf 84' lang='lat' dir='ltr'>narrat</span> <span class='ocrx_word' id='word_1_99' title='bbox 1995 2437 2037 2489; x_wconf 87' lang='lat' dir='ltr'>a</span> <span class='ocrx_word' id='word_1_100' title='bbox 2093 2414 2334 2509; x_wconf 80' lang='lat' dir='ltr'>bajulo</span> <span class='ocrx_word' id='word_1_101' title='bbox 2399 2419 2726 2509; x_wconf 84' lang='lat' dir='ltr'>philoso-</span> 
     </span>
     <span class='ocr_line' id='line_1_18' title="bbox 595 2541 2731 2634; baseline 0.001 -21"><span class='ocrx_word' id='word_1_102' title='bbox 595 2544 817 2633; x_wconf 88' lang='lat' dir='ltr'>phum</span> <span class='ocrx_word' id='word_1_103' title='bbox 856 2542 932 2610; x_wconf 81' lang='lat' dir='ltr'>in</span> <span class='ocrx_word' id='word_1_104' title='bbox 959 2542 1210 2612; x_wconf 76' lang='lat' dir='ltr'>studiis</span> <span class='ocrx_word' id='word_1_105' title='bbox 1244 2541 1747 2616; x_wconf 78' lang='lat' dir='ltr'>doctrinarum</span> <span class='ocrx_word' id='word_1_106' title='bbox 1782 2543 2161 2634; x_wconf 68' lang='lat' dir='ltr'>eyreyium</span> <span class='ocrx_word' id='word_1_107' title='bbox 2203 2541 2516 2616; x_wconf 81' lang='lat' dir='ltr'>evasisse</span> <span class='ocrx_word' id='word_1_108' title='bbox 2559 2567 2576 2614; x_wconf 74' lang='grc' dir='ltr'>ε</span> <span class='ocrx_word' id='word_1_109' title='bbox 2630 2543 2731 2615; x_wconf 79' lang='lat' dir='ltr'>le-</span> 
     </span>
     <span class='ocr_line' id='line_1_19' title="bbox 595 2666 2725 2760; baseline 0.001 -23"><span class='ocrx_word' id='word_1_110' title='bbox 595 2667 906 2758; x_wconf 91' lang='lat' dir='ltr'>pideque</span> <span class='ocrx_word' id='word_1_111' title='bbox 946 2667 1158 2740; x_wconf 83' lang='lat' dir='ltr'>refert</span> <span class='ocrx_word' id='word_1_112' title='bbox 1199 2667 1559 2758; x_wconf 90' lang='lat' dir='ltr'>quomodo</span> <span class='ocrx_word' id='word_1_113' title='bbox 1601 2686 1764 2738; x_wconf 90' lang='lat' dir='ltr'>eum</span> <span class='ocrx_word' id='word_1_114' title='bbox 1815 2666 1953 2738; x_wconf 91' lang='lat' dir='ltr'>sibi</span> <span class='ocrx_word' id='word_1_115' title='bbox 1999 2666 2411 2760; x_wconf 88' lang='lat' dir='ltr'>adhibuerit</span> <span class='ocrx_word' id='word_1_116' title='bbox 2450 2667 2725 2740; x_wconf 90' lang='lat' dir='ltr'>socium</span> 
     </span>
     <span class='ocr_line' id='line_1_20' title="bbox 597 2788 2725 2885; baseline 0 -22"><span class='ocrx_word' id='word_1_117' title='bbox 597 2791 1041 2864; x_wconf 87' lang='lat' dir='ltr'>Democritus</span> <span class='ocrx_word' id='word_1_118' title='bbox 1106 2788 1200 2885; x_wconf 77' lang='lat'>(2)</span> <span class='ocrx_word' id='word_1_119' title='bbox 1264 2817 1280 2862; x_wconf 78' lang='lat' dir='ltr'><strong><em>z</em></strong></span> <span class='ocrx_word' id='word_1_120' title='bbox 1335 2790 1461 2863; x_wconf 89' lang='lat' dir='ltr'>sed</span> <span class='ocrx_word' id='word_1_121' title='bbox 1516 2791 1680 2863; x_wconf 88' lang='lat' dir='ltr'>ficta</span> <span class='ocrx_word' id='word_1_122' title='bbox 1734 2810 1893 2863; x_wconf 87' lang='lat' dir='ltr'>esse</span> <span class='ocrx_word' id='word_1_123' title='bbox 1946 2790 2256 2863; x_wconf 89' lang='lat' dir='ltr'>creditur</span> <span class='ocrx_word' id='word_1_124' title='bbox 2311 2792 2725 2863; x_wconf 88' lang='lat' dir='ltr'>narratiun-</span> 
     </span>
     <span class='ocr_line' id='line_1_21' title="bbox 595 2915 2729 3007; baseline -0.001 -17"><span class='ocrx_word' id='word_1_125' title='bbox 595 2919 779 2990; x_wconf 90' lang='lat' dir='ltr'>cula.</span> <span class='ocrx_word' id='word_1_126' title='bbox 817 2919 1056 2990; x_wconf 88' lang='lat' dir='ltr'>Artem</span> <span class='ocrx_word' id='word_1_127' title='bbox 1100 2924 1410 2988; x_wconf 89' lang='lat' dir='ltr'>ceterum</span> <span class='ocrx_word' id='word_1_128' title='bbox 1455 2916 1919 3007; x_wconf 88' lang='lat' dir='ltr'>sophisticam</span> <span class='ocrx_word' id='word_1_129' title='bbox 1960 2934 2107 2987; x_wconf 91' lang='lat' dir='ltr'>non</span> <span class='ocrx_word' id='word_1_130' title='bbox 2148 2915 2392 2989; x_wconf 86' lang='lat' dir='ltr'>densis</span> <span class='ocrx_word' id='word_1_131' title='bbox 2429 2926 2498 2990; x_wconf 89' lang='lat' dir='ltr'>et</span> <span class='ocrx_word' id='word_1_132' title='bbox 2535 2917 2729 2990; x_wconf 90' lang='lat' dir='ltr'>ordi-</span> 
     </span>
    </p>
   </div>
   <div class='ocr_carea' id='block_1_7' title="bbox 472 3027 2732 3134">
    <p class='ocr_par' dir='ltr' id='par_1_8' title="bbox 472 3027 2732 3134">
     <span class='ocr_line' id='line_1_22' title="bbox 472 3027 2732 3134; baseline 0 -22"><span class='ocrx_word' id='word_1_133' title='bbox 472 3053 475 3056; x_wconf 76' lang='lat'>·</span> <span class='ocrx_word' id='word_1_134' title='bbox 596 3044 785 3114; x_wconf 88' lang='lat' dir='ltr'>natis</span> <span class='ocrx_word' id='word_1_135' title='bbox 825 3041 1265 3133; x_wconf 88' lang='lat' dir='ltr'>argumentis</span> <span class='ocrx_word' id='word_1_136' title='bbox 1306 3041 1603 3124; x_wconf 80' lang='lat' dir='ltr'>refellit,</span> <span class='ocrx_word' id='word_1_137' title='bbox 1647 3042 1851 3131; x_wconf 86' lang='lat' dir='ltr'>cujus</span> <span class='ocrx_word' id='word_1_138' title='bbox 1897 3041 1972 3112; x_wconf 88' lang='lat' dir='ltr'>in</span> <span class='ocrx_word' id='word_1_139' title='bbox 2014 3041 2266 3133; x_wconf 91' lang='lat' dir='ltr'>primis</span> <span class='ocrx_word' id='word_1_140' title='bbox 2304 3027 2437 3113; x_wconf 80' lang='lat' dir='ltr'>fuit</span> <span class='ocrx_word' id='word_1_141' title='bbox 2476 3042 2732 3134; x_wconf 90' lang='lat' dir='ltr'>magis-</span> 
     </span>
    </p>
   </div>
   <div class='ocr_carea' id='block_1_8' title="bbox 596 3165 2732 3510">
    <p class='ocr_par' dir='ltr' id='par_1_9' title="bbox 596 3165 2732 3510">
     <span class='ocr_line' id='line_1_23' title="bbox 596 3165 2732 3258; baseline -0.001 -17"><span class='ocrx_word' id='word_1_142' title='bbox 596 3176 702 3241; x_wconf 89' lang='lat' dir='ltr'>ter</span> <span class='ocrx_word' id='word_1_143' title='bbox 740 3169 1194 3258; x_wconf 88' lang='lat' dir='ltr'>Protagoras,</span> <span class='ocrx_word' id='word_1_144' title='bbox 1239 3184 1372 3238; x_wconf 91' lang='lat' dir='ltr'>nec</span> <span class='ocrx_word' id='word_1_145' title='bbox 1408 3166 1747 3257; x_wconf 85' lang='lat' dir='ltr'>explanat</span> <span class='ocrx_word' id='word_1_146' title='bbox 1784 3184 1927 3256; x_wconf 89' lang='lat' dir='ltr'>qua</span> <span class='ocrx_word' id='word_1_147' title='bbox 1967 3166 2242 3237; x_wconf 85' lang='lat' dir='ltr'>ratione</span> <span class='ocrx_word' id='word_1_148' title='bbox 2280 3172 2350 3238; x_wconf 89' lang='lat' dir='ltr'>et</span> <span class='ocrx_word' id='word_1_149' title='bbox 2386 3183 2601 3238; x_wconf 89' lang='lat' dir='ltr'>causa</span> <span class='ocrx_word' id='word_1_150' title='bbox 2640 3165 2732 3239; x_wconf 90' lang='lat' dir='ltr'>de</span> 
     </span>
     <span class='ocr_line' id='line_1_24' title="bbox 597 3287 2729 3384; baseline -0.001 -20"><span class='ocrx_word' id='word_1_151' title='bbox 597 3292 978 3365; x_wconf 88' lang='lat' dir='ltr'>Democriti</span> <span class='ocrx_word' id='word_1_152' title='bbox 1009 3291 1329 3363; x_wconf 86' lang='lat' dir='ltr'>fontibus</span> <span class='ocrx_word' id='word_1_153' title='bbox 1352 3291 1475 3363; x_wconf 92' lang='lat' dir='ltr'>ille</span> <span class='ocrx_word' id='word_1_154' title='bbox 1499 3309 1704 3362; x_wconf 91' lang='lat' dir='ltr'>suam</span> <span class='ocrx_word' id='word_1_155' title='bbox 1728 3289 2108 3363; x_wconf 87' lang='lat' dir='ltr'>deverterit</span> <span class='ocrx_word' id='word_1_156' title='bbox 2129 3289 2583 3381; x_wconf 89' lang='lat' dir='ltr'>disciplinam</span> <span class='ocrx_word' id='word_1_157' title='bbox 2616 3287 2729 3384; x_wconf 80' lang='lat'>(5)</span> 
     </span>
     <span class='ocr_line' id='line_1_25' title="bbox 598 3411 2723 3510; baseline -0.001 -21"><span class='ocrx_word' id='word_1_158' title='bbox 598 3436 757 3489; x_wconf 91' lang='lat' dir='ltr'>cum</span> <span class='ocrx_word' id='word_1_159' title='bbox 799 3418 1092 3510; x_wconf 88' lang='lat' dir='ltr'>Gorgias</span> <span class='ocrx_word' id='word_1_160' title='bbox 1132 3416 1223 3487; x_wconf 89' lang='lat' dir='ltr'>ab</span> <span class='ocrx_word' id='word_1_161' title='bbox 1263 3416 1580 3489; x_wconf 86' lang='lat' dir='ltr'>eleaticis</span> <span class='ocrx_word' id='word_1_162' title='bbox 1625 3415 2001 3506; x_wconf 89' lang='lat' dir='ltr'>principiis</span> <span class='ocrx_word' id='word_1_163' title='bbox 2058 3411 2151 3509; x_wconf 78' lang='lat'>(4)</span> <span class='ocrx_word' id='word_1_164' title='bbox 2206 3434 2409 3487; x_wconf 89' lang='lat' dir='ltr'>suam</span> <span class='ocrx_word' id='word_1_165' title='bbox 2456 3415 2723 3488; x_wconf 89' lang='lat' dir='ltr'>hause-</span> 
     </span>
    </p>
   </div>
   <div class='ocr_carea' id='block_1_9' title="bbox 596 3655 2731 3899">
    <p class='ocr_par' dir='ltr' id='par_1_10' title="bbox 596 3655 2731 3899">
     <span class='ocr_line' id='line_1_26' title="bbox 660 3655 2731 3734; baseline -0.002 -13"><span class='ocrx_word' id='word_1_166' title='bbox 660 3671 728 3734; x_wconf 85' lang='lat' dir='ltr'>(l)</span> <span class='ocrx_word' id='word_1_167' title='bbox 766 3669 961 3731; x_wconf 85' lang='lat' dir='ltr'>Zeller,</span> <span class='ocrx_word' id='word_1_168' title='bbox 1005 3674 1040 3722; x_wconf 89' lang='lat' dir='ltr'>t.</span> <span class='ocrx_word' id='word_1_169' title='bbox 1082 3668 1165 3730; x_wconf 90' lang='lat'>11,</span> <span class='ocrx_word' id='word_1_170' title='bbox 1206 3684 1259 3733; x_wconf 92' lang='lat' dir='ltr'>p.</span> <span class='ocrx_word' id='word_1_171' title='bbox 1301 3668 1418 3732; x_wconf 82' lang='lat'><strong>465,</strong></span> <span class='ocrx_word' id='word_1_172' title='bbox 1462 3670 1735 3720; x_wconf 86' lang='lat' dir='ltr'>contendit</span> <span class='ocrx_word' id='word_1_173' title='bbox 1778 3672 1878 3721; x_wconf 92' lang='lat' dir='ltr'>hoc</span> <span class='ocrx_word' id='word_1_174' title='bbox 1918 3685 2022 3721; x_wconf 89' lang='lat' dir='ltr'>non</span> <span class='ocrx_word' id='word_1_175' title='bbox 2057 3683 2346 3733; x_wconf 82' lang='lat' dir='ltr'>congruere</span> <span class='ocrx_word' id='word_1_176' title='bbox 2387 3683 2510 3719; x_wconf 88' lang='lat' dir='ltr'>cum</span> <span class='ocrx_word' id='word_1_177' title='bbox 2539 3655 2731 3718; x_wconf 72' lang='lat' dir='ltr'>aetatis</span> 
     </span>
     <span class='ocr_line' id='line_1_27' title="bbox 598 3757 2731 3822; baseline -0.001 -13"><span class='ocrx_word' id='word_1_178' title='bbox 598 3760 909 3812; x_wconf 84' lang='lat' dir='ltr'>diversitate</span> <span class='ocrx_word' id='word_1_179' title='bbox 942 3763 995 3808; x_wconf 84' lang='lat' dir='ltr'>et</span> <span class='ocrx_word' id='word_1_180' title='bbox 1025 3759 1079 3807; x_wconf 89' lang='lat' dir='ltr'>in</span> <span class='ocrx_word' id='word_1_181' title='bbox 1112 3757 1432 3822; x_wconf 83' lang='lat' dir='ltr'>Protagorae</span> <span class='ocrx_word' id='word_1_182' title='bbox 1459 3758 1701 3809; x_wconf 83' lang='lat' dir='ltr'>doctrina</span> <span class='ocrx_word' id='word_1_183' title='bbox 1739 3761 1944 3809; x_wconf 88' lang='lat' dir='ltr'>nullum</span> <span class='ocrx_word' id='word_1_184' title='bbox 1976 3758 2336 3809; x_wconf 85' lang='lat' dir='ltr'>Democriteac</span> <span class='ocrx_word' id='word_1_185' title='bbox 2363 3758 2731 3821; x_wconf 77' lang='lat' dir='ltr'>philosophiae</span> 
     </span>
     <span class='ocr_line' id='line_1_28' title="bbox 596 3848 1162 3899; baseline 0 -1"><span class='ocrx_word' id='word_1_186' title='bbox 596 3850 856 3899; x_wconf 88' lang='lat' dir='ltr'>indicium</span> <span class='ocrx_word' id='word_1_187' title='bbox 884 3848 1162 3898; x_wconf 86' lang='lat' dir='ltr'>contineri.</span> 
     </span>
    </p>
   </div>
   <div class='ocr_carea' id='block_1_10' title="bbox 658 3934 1341 4002">
    <p class='ocr_par' dir='ltr' id='par_1_11' title="bbox 658 3934 1341 4002">
     <span class='ocr_line' id='line_1_29' title="bbox 658 3934 1341 4002; baseline 0.001 -16"><span class='ocrx_word' id='word_1_188' title='bbox 658 3937 724 4002; x_wconf 70' lang='lat'>(2)</span> <span class='ocrx_word' id='word_1_189' title='bbox 756 3936 941 3997; x_wconf 84' lang='lat' dir='ltr'>Mont.,</span> <span class='ocrx_word' id='word_1_190' title='bbox 975 3937 1008 3985; x_wconf 90' lang='lat' dir='ltr'>l.</span> <span class='ocrx_word' id='word_1_191' title='bbox 1036 3934 1106 3996; x_wconf 90' lang='lat'>11,</span> <span class='ocrx_word' id='word_1_192' title='bbox 1132 3950 1177 3987; x_wconf 92' lang='lat' dir='ltr'>c.</span> <span class='ocrx_word' id='word_1_193' title='bbox 1211 3949 1341 3987; x_wconf 80' lang='lat' dir='ltr'>xvn.</span> 
     </span>
    </p>
   </div>
   <div class='ocr_carea' id='block_1_11' title="bbox 599 4026 2726 4274">
    <p class='ocr_par' dir='ltr' id='par_1_12' title="bbox 599 4026 2726 4274">
     <span class='ocr_line' id='line_1_30' title="bbox 662 4026 2712 4092; baseline -0.005 -14"><span class='ocrx_word' id='word_1_194' title='bbox 662 4029 729 4092; x_wconf 87' lang='lat'>(3)</span> <span class='ocrx_word' id='word_1_195' title='bbox 757 4027 943 4088; x_wconf 86' lang='lat' dir='ltr'>Zeller,</span> <span class='ocrx_word' id='word_1_196' title='bbox 975 4032 1012 4080; x_wconf 90' lang='lat' dir='ltr'>t.</span> <span class='ocrx_word' id='word_1_197' title='bbox 1044 4026 1114 4090; x_wconf 88' lang='lat'>11,</span> <span class='ocrx_word' id='word_1_198' title='bbox 1137 4043 1190 4091; x_wconf 88' lang='lat' dir='ltr'>p.</span> <span class='ocrx_word' id='word_1_199' title='bbox 1217 4026 1326 4077; x_wconf 83' lang='lat'><strong>464.</strong></span> <span class='ocrx_word' id='word_1_200' title='bbox 2705 4049 2712 4058; x_wconf 88' lang='lat'>-</span> 
     </span>
     <span class='ocr_line' id='line_1_31' title="bbox 659 4115 2726 4184; baseline -0.002 -15"><span class='ocrx_word' id='word_1_201' title='bbox 659 4120 726 4184; x_wconf 74' lang='lat'>(4)</span> <span class='ocrx_word' id='word_1_202' title='bbox 756 4117 945 4179; x_wconf 86' lang='lat' dir='ltr'>Ritter,</span> <span class='ocrx_word' id='word_1_203' title='bbox 975 4119 1105 4168; x_wconf 74' lang='lat' dir='ltr'>Hist.</span> <span class='ocrx_word' id='word_1_204' title='bbox 1136 4131 1275 4173; x_wconf 72' lang='lat' dir='ltr'>auc..</span> <span class='ocrx_word' id='word_1_205' title='bbox 1306 4123 1342 4166; x_wconf 89' lang='lat' dir='ltr'>t.</span> <span class='ocrx_word' id='word_1_206' title='bbox 1377 4118 1420 4174; x_wconf 85' lang='grc' dir='ltr'>Ι.</span> <span class='ocrx_word' id='word_1_207' title='bbox 1449 4133 1498 4181; x_wconf 91' lang='lat' dir='ltr'>p.</span> <span class='ocrx_word' id='word_1_208' title='bbox 1527 4116 1646 4173; x_wconf 80' lang='lat'>504;</span> <span class='ocrx_word' id='word_1_209' title='bbox 1674 4118 1745 4167; x_wconf 87' lang='lat' dir='ltr'>cf.</span> <span class='ocrx_word' id='word_1_210' title='bbox 1774 4117 1952 4174; x_wconf 65' lang='lat' dir='ltr'>Gir-ote,</span> <span class='ocrx_word' id='word_1_211' title='bbox 1980 4115 2104 4179; x_wconf 84' lang='lat' dir='ltr'>XII,</span> <span class='ocrx_word' id='word_1_212' title='bbox 2137 4131 2190 4180; x_wconf 91' lang='lat' dir='ltr'>p.</span> <span class='ocrx_word' id='word_1_213' title='bbox 2225 4116 2326 4179; x_wconf 81' lang='lat'>158,</span> <span class='ocrx_word' id='word_1_214' title='bbox 2357 4118 2447 4180; x_wconf 90' lang='lat' dir='ltr'>qui</span> <span class='ocrx_word' id='word_1_215' title='bbox 2474 4117 2726 4180; x_wconf 83' lang='lat' dir='ltr'>Gorgiam</span> 
     </span>
     <span class='ocr_line' id='line_1_32' title="bbox 599 4206 1686 4274; baseline -0.002 -17"><span class='ocrx_word' id='word_1_216' title='bbox 599 4207 934 4274; x_wconf 85' lang='lat' dir='ltr'>Empedoclis</span> <span class='ocrx_word' id='word_1_217' title='bbox 967 4207 1291 4272; x_wconf 84' lang='lat' dir='ltr'>discipulum</span> <span class='ocrx_word' id='word_1_218' title='bbox 1320 4207 1485 4258; x_wconf 83' lang='lat' dir='ltr'>fuisse</span> <span class='ocrx_word' id='word_1_219' title='bbox 1513 4206 1686 4268; x_wconf 82' lang='lat' dir='ltr'>dicit..</span> 
     </span>
    </p>
   </div>
  </div>
 </body>
</html>
