3125 4959
1291 499 1354 506 ---
1408 463 1481 525 45
1527 496 1604 511 ..-

377 611 447 675 et
481 602 633 673 sine
665 603 807 672 ulla
847 600 1275 672 dubitatione
1310 599 1791 671 (loctzlssimum
1830 597 1960 693 (l),
2007 601 2129 691 qui
2162 600 2250 672 de
2282 589 2511 690 gratn-

378 729 674 811 matica,
753 729 1067 810 musica,
1142 728 1484 808 historia,
1558 724 1944 818 geometria
1972 781 1988 808 ‚
2054 725 2516 817 philosophia

379 856 702 928 tractavit
757 855 1026 946 quique
1083 854 1172 927 de
1234 854 1601 933 moribus,
1668 851 1755 924 de
1821 852 2002 939 diis,
2077 852 2167 925 de
2237 853 2514 945 legibus

380 981 573 1051 varia
625 999 841 1070 opera
896 981 1225 1070 scripsit,
1283 979 1407 1070 qui
1454 997 1751 1069 prorsus
1792 996 2043 1050 omnes
2093 977 2516 1069 disciplinas

379 1106 752 1197 amplexus
812 1113 943 1177 est.
999 1105 1165 1177 Ideo
1207 1104 1368 1176 eum
1401 1159 1418 1187 ‚
1470 1111 1547 1175 ut
1585 1105 1730 1193 jam
1779 1103 1903 1174 alii
1953 1102 2221 1193 quibus
2257 1122 2510 1175 assen-

381 1230 496 1300 tiri
538 1230 711 1302 libet
749 1231 1444 1312 demonstraverunt,
1477 1230 1684 1319 juxta
1719 1228 2080 1320 Nigidium
2121 1227 2517 1300 admiratur

379 1361 447 1426 et
486 1355 728 1427 laudat
768 1356 1039 1427 Gellius
1081 1351 1212 1449 (2).
1286 1381 1290 1385 ¹

477 1481 712 1553 Refert
745 1500 930 1571 quae
968 1480 1057 1553 de
1097 1480 1485 1571 septenarii
1523 1480 1804 1552 numeri
1847 1479 1913 1553 vi
1960 1477 2055 1572 (5)
2116 1487 2185 1552 et
2240 1486 2521 1570 septen-

382 1605 636 1677 trionis
715 1607 1142 1699 etymologia
1194 1606 1542 1689 senserit,
1614 1605 2114 1696 nonnullaque
2180 1622 2365 1695 quae
2430 1602 2520 1676 de

379 1731 625 1822 lingua
670 1739 740 1804 et
775 1749 1107 1804 sermone
1149 1731 1331 1802 dixit
1370 1731 1491 1802 ille
1518 1785 1534 1813 ,
1579 1729 1850 1801 doctior
1877 1752 2095 1822 quam
2132 1728 2273 1821 fuit
2309 1727 2519 1799 Clau-

380 1854 542 1924 dius
575 1877 733 1926 cum
769 1852 1029 1927 Coelio.
1074 1856 1390 1928 Varrone
1428 1856 1622 1927 enim
1657 1863 1726 1928 et
1756 1855 2039 1946 Nigidio
2070 1854 2514 1938 auctoribus,

382 1981 776 2073 philologia
859 1981 1126 2069 latina,
1222 2001 1264 2052 a
1343 1980 1638 2073 Stylone
1727 1980 2049 2071 incepta,
2126 1981 2517 2071 plurimum

382 2106 604 2197 viguit
647 2131 664 2177 ε
710 2113 782 2178 at
821 2114 1005 2178 recte
1043 2125 1084 2177 a
1136 2104 1572 2195 quibusdam
1617 2104 2242 2197 reprehenduntur
2282 2111 2351 2176 et
2391 2122 2518 2195 pro

384 2232 664 2302 insanis
723 2231 1009 2303 habitae
1065 2238 1236 2302 sunt
1288 2229 1758 2322 etymologiae
1796 2246 2137 2301 sonorum
2182 2228 2518 2300 similitu·

386 2355 556 2427 dine
614 2355 953 2428 definitae
1002 2375 1181 2446 quas
1238 2356 1478 2427 citavit
1529 2356 1687 2426 sine
1729 2354 1870 2426 fere
1911 2354 2055 2425 ullo
2105 2354 2520 2426 discrimine

388 2480 657 2551 Gellius
716 2477 842 2574 (4).
899 2479 1107 2552 Plura
1156 2480 1347 2571 apud
1396 2498 1556 2553 eum
1612 2479 1953 2552 Varronis
1999 2479 2299 2570 legenda
2352 2486 2523 2551 sunt

389 2622 572 2694 quae
615 2604 706 2676 ad
745 2605 1275 2697 grammaticam
1330 2625 1543 2696 quam
1588 2606 1678 2677 ad
1732 2605 2264 2697 philosophiam
2324 2622 2520 2695 spee-

389 2736 542 2800 tant
601 2753 617 2799 :
671 2730 761 2800 ad
812 2731 996 2801 hanc
1049 2738 1285 2802 tamen
1348 2719 1663 2821 quodam
1733 2727 1947 2801 modo
2012 2729 2374 2820 pertinent
2440 2747 2531 2805 ea

389 2854 654 2943 quibus
696 2854 1122 2945 geometriae
1173 2854 1548 2928 utilitatem
1597 2856 2044 2927 demonstrat
2082 2862 2152 2926 et
2200 2872 2386 2944 quae
2436 2853 2524 2925 de

388 2978 673 3050 Socrate
712 2987 951 3051 narrat
990 2981 1110 3070 qui
1145 2981 1541 3072 Xantippes
1573 2981 1820 3053 uxoris
1851 2980 2348 3058 contumelias,
2381 2996 2523 3069 quo

389 3103 642 3174 melior
684 3102 884 3175 fieret
915 3104 1094 3194 ipse,
1138 3105 1394 3187 leniter
1426 3105 1697 3176 ferebat
1734 3128 1750 3175 :
1787 3104 2097 3175 addebat
2128 3105 2203 3174 T.
2242 3099 2461 3174 Varro
2503 3127 2518 3173 z

402 3253 430 3291 ι
500 3228 767 3300 Vitium
835 3221 1084 3300 'uxoris
1149 3237 1273 3301 aut
1339 3228 1738 3302 tollendum
1802 3235 1925 3300 aut
1995 3226 2411 3308 ferendum,
2483 3253 2513 3289 ι

454 3537 521 3597 (l)
543 3536 672 3599 Cio„
705 3540 848 3588 Brut.
878 3540 1034 3588 Acad.
1065 3546 1192 3602 post,
1226 3541 1263 3597 Ι,
1299 3540 1344 3591 9.
1381 3566 1433 3577 ·-·
1468 3536 1633 3588 Mont.
1670 3558 1680 3585 ε
1716 3557 1740 3585 α
1774 3536 1945 3587 Varro
1972 3541 2135 3600 ayant
2166 3541 2292 3586 tenu
2324 3539 2370 3587 le
2409 3551 2524 3601 pre-

387 3627 520 3675 mier
543 3642 673 3690 rang
697 3641 762 3677 en
793 3629 1177 3692 scavoirentre
1207 3630 1281 3677 les
1310 3629 1563 3678 Romains
1591 3646 1615 3672 υ
1739 3648 1761 3673 «
1793 3626 1959 3677 Varro
1987 3630 2034 3676 le
2062 3629 2183 3691 plus
2210 3628 2373 3677 subtil
2402 3633 2453 3679 et
2479 3630 2527 3677 le

261 3770 270 3774 ,
386 3718 507 3780 plus
533 3723 750 3782 spat-ant
778 3725 966 3767 auteur
994 3720 1143 3768 latin.
1178 3738 1199 3761 n
1236 3720 1449 3781 (Εεεαὶε,
1483 3719 1517 3765 l.
1554 3717 1625 3777 11,
1657 3732 1703 3767 c.
1741 3719 1852 3780 xri.)
1875 3746 1932 3754 -—
1958 3718 2209 3776 Boissier,
2243 3718 2408 3768 Etude
2440 3732 2530 3768 sur

388 3806 440 3855 la
467 3808 549 3856 vie
578 3816 620 3857 et
651 3807 718 3857 tes
747 3821 989 3871 ouvraqes
1019 3810 1079 3858 de
1110 3810 1162 3859 Τ.
1198 3810 1425 3863 Van-on.
1460 3807 1607 3871 1861,
1640 3808 1729 3857 ubi
1771 3809 2078 3872 fragmentis
2113 3807 2271 3857 Gellii
2302 3808 2528 3857 multum

389 3908 521 3945 usus
547 3901 646 3946 est.

454 3985 520 4047 (Ἰ)
554 3984 869 4044 Mommsen.
904 3992 940 4037 t.
975 3985 1078 4037 V11
1105 4026 1116 4043 .
1149 4004 1200 4051 p.
1233 3987 1319 4037 341
1357 3991 1410 4037 et
1440 4002 1547 4049 seq.
1593 4014 1652 4022 —
1681 3986 1912 4047 Teuffel,
1941 3992 1984 4037 t.
2023 3986 2070 4047 Ι,
2112 4002 2163 4050 p.
2201 3984 2431 4036 274-275.
2466 4011 2523 4022 -

390 4072 587 4131 Ruske,
616 4090 668 4138 p.
700 4076 777 4126 21.

451 4163 520 4227 (3)
548 4162 799 4223 Boissier‚
828 4179 908 4230 op.
943 4166 1051 4227 cit„
1084 4181 1135 4230 p.
1169 4166 1277 4216 345.

448 4251 519 4315 (4)
542 4251 852 4312 Mommsen,
883 4255 1035 4312 ibid„
1062 4269 1114 4324 p.
1145 4254 1254 4305 367.

2628 1497 2681 1548 L.
2713 1498 2791 1560 111,
2823 1511 2865 1550 e.
2897 1514 2948 1551 1.

2616 1616 2669 1666 L.
2700 1615 2758 1677 11,
2791 1627 2833 1665 e.
2863 1629 2964 1667 xxi.

2608 1867 2662 1917 L.
2692 1866 2750 1927 X,
2781 1878 2823 1916 e.
2854 1880 2888 1929 1,
2924 1875 2964 1915 r..

2576 2249 2628 2301 L.
2660 2249 2802 2309 xvll,
2831 2263 2873 2299 c.
2903 2267 3004 2303 nt.

2639 2339 2697 2349 -
2725 2312 2805 2374 ΙΙΙ,
2834 2324 2877 2363 c.
2903 2327 3004 2363 X'cl-

2579 2877 2630 2927 L.
2654 2876 2773 2938 xvl,
2802 2889 2845 2928 c.
2866 2891 3004 2927 nn·-
