3125 4959
135 1044 186 1093 L.
219 1045 255 1105 l,
288 1057 328 1092 c.
361 1057 445 1097 vn.
476 1047 521 1092 7.

120 1160 170 1209 L.
208 1160 242 1216 Ι,
275 1172 316 1211 c.
347 1174 431 1217 κν,
469 1163 539 1208 19.

121 1223 541 1278 -V.c.xx1.i‚9.

120 1284 171 1333 L.
201 1285 304 1342 Vll,
338 1297 380 1331 c.
413 1297 540 1340 xvxi,

183 1351 257 1395 11.
308 1373 367 1380 -
415 1346 541 1404 xvi,

183 1423 222 1458 c.
257 1422 342 1464 κῃ,
375 1411 420 1456 6.

121 1472 170 1522 1..
203 1471 323 1528 ΧΙΙΙ,
351 1482 392 1518 0.
419 1484 542 1525 xxx.

123 1539 166 1585 3.
183 1560 238 1570 -
255 1533 308 1591 V,
324 1546 364 1584 c.
381 1545 481 1590 x1v,
497 1536 542 1580 2.

122 1792 171 1843 L.
203 1793 250 1852 l,
281 1804 322 1841 c.
355 1806 440 1851 xv,
469 1795 545 1839 17.

123 2164 174 2212 L.
206 2161 367 2216 xvlll.
399 2174 439 2209 c.
477 2175 546 2217 iv,

237 2230 280 2284 i,
314 2229 358 2281 8,
392 2229 436 2271 0.

127 2541 176 2588 L.
194 2538 314 2599 XIX,
338 2551 379 2587 c.
403 2552 453 2595 x,
472 2542 546 2587 14.

125 2670 176 2718 L.
200 2665 340 2729 XVII,
363 2680 406 2716 c.
428 2681 479 2728 v,
503 2670 548 2715 3.

127 2799 174 2847 L.
206 2797 345 2858 XVII,
371 2810 410 2846 c.
429 2811 478 2856 v,
503 2801 547 2848 9.

129 3041 178 3090 L.
197 3041 358 3100 xvln,
373 3053 488 3098 carl,
505 3044 549 3089 1.

151 3292 202 3340 L.
234 3291 311 3351 lv,
342 3303 384 3342 c.
415 3305 450 3351 1,
483 3294 526 3341 1.

130 3662 181 3710 L.
215 3661 272 3721 n,
300 3675 340 3713 c.
370 3674 474 3718 xiv,
507 3664 555 3710 3.

193 3751 252 3760 -
283 3725 337 3783 V,
368 3737 490 3772 xxu.

135 3921 185 3969 L.
211 3921 330 3982 xvi,
361 3934 400 3969 c.
429 3934 478 3981 v,
507 3926 552 3971 5.

1481 381 1841 443 —122—

592 529 698 594 ret
739 528 808 594 et
841 520 1201 592 interdum
1237 519 1533 611 argutiis
1568 519 1751 610 ipse,
1789 538 1947 592 cum
1985 523 2369 615 praecipue
2399 524 2490 596 de
2514 544 2748 615 gram—

595 644 868 718 maticis
912 644 1124 716 rebus
1165 645 1422 736 agitur,
1457 664 1537 716 ac
1578 644 1957 718 subtiliore
1990 647 2265 737 judicio
2306 651 2559 722 utitur.
2613 651 2741 722 At-

594 779 831 844 tamen
923 770 1043 841 ille
1120 788 1330 860 quem
1413 769 1706 859 quidam
1789 772 1863 840 in
1922 780 2191 854 ⁸nostra
2263 782 2496 847 aetate
2564 795 2749 846 vana

595 892 999 966 eruditione
1038 892 1640 965 insimulavernnt
1671 900 1740 965 et
1777 893 2201 967 insubidum
2227 897 2745 990 paedayoqum

601 1023 1020 1090 vocaverunt
1067 1014 1203 1109 (1),
1246 1015 1705 1085 semidoctum
1749 1018 2005 1109 vulqus
2050 1020 2204 1092 odit
2243 1029 2311 1094 et
2348 1031 2567 1095 arcet.
2613 1024 2759 1106 Co<

600 1143 717 1234 pia
755 1140 1257 1213 vocabulorum
1300 1141 1387 1213 ad
1453 1142 1588 1212 hoc
1644 1143 2021 1214 hominum
2077 1164 2304 1235 genus
2361 1146 2748 1239 designan-

602 1268 769 1339 dum
811 1273 879 1339 et
924 1266 1366 1358 arguendum
1424 1265 1772 1337 abundat.
1828 1268 2013 1353 Quid
2070 1272 2262 1340 enim
2326 1271 2560 1343 verius
2617 1274 2742 1344 illa

600 1392 975 1463 hominum
1012 1391 1489 1483 descriptione
1540 1416 1571 1454 α
1612 1392 1830 1464 stulta
1860 1398 1928 1464 et
1962 1393 2346 1466 immodica
2382 1397 2749 1469 blateran-

602 1517 823 1598 tium,
881 1535 1183 1606 quorum
1236 1517 1479 1607 lingua
1547 1522 1689 1586 tam
1752 1516 2046 1607 prodiga
2114 1519 2566 1610 infrenisque
2635 1531 2751 1595 est

603 1653 680 1716 ut
713 1644 889 1714 fluat
927 1659 1209 1731 semper
1246 1648 1313 1713 et
1355 1648 1629 1713 aestuet
1669 1642 2070 1715 colluvione
2111 1645 2488 1717 verborum
2529 1655 2748 1720 teter-

605 1767 837 1841 rima?
883 1793 915 1833 »
959 1765 1144 1853 Quid
1181 1765 1505 1839 festivius
1553 1767 1965 1838 narratione
2016 1785 2159 1857 qua
2191 1769 2526 1858 jactator
2559 1771 2748 1865 quis-

591 1895 793 1988 piam
829 1900 891 1963 et
930 1891 1326 1963 venditator
1361 1890 1848 1962 Sallustianae
1887 1890 2224 1976 lectionis,
2262 1913 2338 1967 Se
2378 1895 2588 1968 illudi
2631 1918 2745 1968 ra-

604 2026 747 2101 tus,
794 2038 951 2091 cum
995 2023 1362 2109 urgeretur
1398 2024 1478 2089 ut
1516 2016 1605 2089 de
1637 2017 2012 2089 verborum
2049 2018 2454 2093 differentia
2490 2023 2594 2094 vel
2638 2025 2744 2095 si-

606 2143 1017 2216 militudine
1056 2142 1479 2224 dissereret,
1537 2141 1894 2232 neyotium
1936 2141 2069 2214 sibi
2105 2166 2244 2213 esse
2293 2156 2639 2215 causatur
2677 2156 2753 2220 et

605 2265 1050 2359 digreditur?
1091 2266 1265 2357 quid
1303 2265 1616 2356 lepidius
1659 2265 1783 2337 illa
1827 2285 2041 2338 scena
2082 2268 2204 2339 uhi
2236 2272 2748 2359 grammaticus

606 2392 927 2483 quidam,
954 2393 1312 2462 Frontone
1338 2392 1693 2462 instanter
1729 2390 2240 2483 interrogante,
2275 2393 2542 2463 sudans
2569 2395 2751 2464 mul-

604 2524 753 2586 tum
793 2538 878 2587 ac
911 2516 1194 2596 rubens,
1237 2516 1468 2588 fallaci
1516 2534 1864 2607 responso
1919 2517 2212 2610 effugit?
2269 2521 2395 2591 Hic
2431 2520 2741 2590 rhetori-

604 2664 767 2712 cum
797 2641 1176 2735 quemdam
1215 2635 1594 2734 sophistam
1636 2643 1900 2733 promit
1929 2643 2052 2732 qui
2085 2643 2309 2734 perite
2340 2645 2574 2718 dicere
2603 2667 2747 2719 cre-

607 2769 800 2840 ditur
838 2775 907 2839 et
946 2768 1102 2858 ipsa
1135 2788 1386 2835 rerum
1425 2789 1599 2835 vera
1639 2766 1971 2837 vocabula
2019 2769 2297 2860 ignorat
2341 2793 2357 2839 z
2405 2771 2553 2843 illic
2591 2774 2744 2860 jac-

604 2892 909 2963 tantiam
939 2890 1017 2960 in
1059 2890 1309 2961 litteris
1346 2891 1504 2963 AElii
1549 2892 1818 2964 Melissi
1865 2891 1989 2982 qui
2028 2899 2303 2979 tamen,
2362 2895 2557 2985 quod
2600 2898 2737 2976 ait,

604 3017 748 3111 suit
785 3017 1060 3088 Romae
1095 3016 1359 3085 summi
1392 3016 1523 3085 loci
1558 3015 1751 3085 inte'r
1803 3018 2317 3107 yrammaticos
2342 3074 2357 3100 ,
2415 3020 2667 3093 irridet
2719 3048 2736 3093 ε

606 3146 785 3217 alias
817 3145 1229 3236 gravitatem
1254 3143 1720 3233 compositam
1750 3149 1818 3215 et
1848 3142 2088 3213 ardua
2115 3145 2498 3236 supercilia
2522 3166 2746 3237 gram·

610 3273 845 3343 matici
907 3269 1279 3361 cujusdam
1352 3288 1509 3340 cum
1575 3269 1869 3340 lenitate
1942 3271 2267 3342 Favorini
2326 3282 2736 3363 comparat;

608 3396 786 3469 alias
820 3396 1075 3468 asserit
1115 3396 1290 3467 istos
1331 3413 1488 3467 esse
1523 3405 1829 3487 nequam
1873 3402 1934 3465 et
1972 3394 2181 3464 nihili
2218 3398 2367 3488 qui,
2415 3400 2741 3489 quamvis

611 3523 867 3612 ignari,
919 3520 1302 3592 emendare
1350 3520 1732 3611 scriptores
1772 3521 2040 3593 audent
2086 3528 2208 3593 aut
2249 3521 2620 3613 pulverem
2657 3524 2742 3594 ob

610 3646 834 3716 oculos
883 3645 1351 3738 adsperyunt.
1410 3644 1651 3717 Multis
1707 3646 2016 3736 profecto
2069 3647 2414 3736 exemplis
2471 3648 2740 3719 Gellius

611 3770 926 3844 ostendit
985 3771 1365 3841 vanitatem
1417 3776 1487 3841 et
1546 3770 2022 3861 ignorantiam
2079 3788 2238 3841 cum
2288 3775 2735 3862 arrogantia,

609 3891 1069 3971 insolentiam
1146 3914 1302 3967 cum
1370 3894 1656 3966 inscitia
1714 3894 1993 3966 misceri
2056 3894 2338 3966 solitam
2418 3915 2610 3978 esse,
2674 3908 2744 3971 et

674 4182 742 4246 (l)
775 4180 910 4231 Vide
939 4195 1112 4244 supra.
1143 4206 1198 4216 —
1226 4177 1443 4237 Teuffel,
1475 4175 1865 4226 Friedlaender.
