3125 4959
1559 478 1882 543 ...32-

754 611 933 686 Cum
976 617 1051 688 in
1090 616 1233 688 alio
1274 617 1426 690 loco
1480 618 1595 690 sui
1644 616 1736 690 de
1784 618 2090 690 Homero
2150 619 2318 691 libri
2375 619 2814 693 Plutarchus

655 733 921 812 dixerit
947 741 1277 814 eumdem
1308 743 1689 835 Epicurum
1726 744 1940 815 verbo
1973 762 2228 835 parum
2262 746 2555 837 proprio
2585 766 2813 818 usum

656 877 845 944 22³2,
880 863 1109 940 Gellio
1140 865 1305 940 illae
1338 866 1878 941 criminationes
1912 867 2234 939 minutae
2253 879 2324 943 et
2349 868 2819 963 subfriyidae

660 983 997 1064 videntur
1030 991 1378 1084 additque
1418 1011 1561 1066 uon
1606 992 1820 1065 modo
1861 994 2246 1085 Epicurum
2290 1014 2437 1068 non
2479 997 2614 1068 has
2653 1015 2814 1070 ver·

230 1141 265 1186 ε,
314 1135 371 1196 ιε,
400 1145 447 1186 a,
476 1145 541 1186 n,
660 1113 917 1188 horum
956 1118 1348 1212 elegantias
1388 1120 1643 1192 sectari
1685 1119 1812 1191 sed
1852 1121 2068 1192 etiam
2103 1122 2475 1194 insectari.

760 1237 915 1316 Non
964 1247 1123 1318 sine
1172 1243 1553 1317 miratione
1600 1244 1927 1317 videmus
1973 1246 2321 1326 Gellium,
2364 1266 2512 1319 non
2564 1248 2816 1321 minus

662 1361 763 1440 rei
806 1369 1057 1443 morali
1102 1386 1316 1460 quam
1359 1368 1843 1460 grammaticis
1899 1370 2116 1441 rebus
2176 1370 2592 1444 studentem
2649 1371 2746 1465 (l)
2789 1430 2812 1454 ,

658 1507 785 1566 eas
828 1491 1187 1568 Plutarchi
1237 1492 1327 1566 de
1372 1492 1748 1566 verborum
1800 1512 1938 1565 usu
1980 1495 2652 1569 animadversiones
2690 1516 2819 1569 ex-

660 1633 951 1708 cerpere
1006 1636 1141 1692 nec
1205 1617 1522 1691 refellere
1584 1617 1761 1709 quid
1831 1637 1955 1710 per
2016 1637 2096 1691 se
2161 1619 2326 1691 falsi
2392 1622 2820 1693 contineant
3121 1645 3124 1686 l

667 1741 951 1834 Epicuri
1008 1749 1453 1838 argumenta.
1512 1743 1641 1814 Hic
1695 1742 1885 1814 enim
1944 1744 2143 1814 locus
2204 1750 2397 1815 esset
2449 1744 2818 1835 probandi

668 1865 1104 1960 voluptatem
1150 1885 1295 1939 non
1335 1866 1607 1939 doloris
1649 1884 1810 1939 esse
1862 1868 2334 1940 cessationem
2379 1874 2660 1940 tantum
2702 1870 2822 1941 vel

664 1993 1100 2076 absentiam,
1146 2009 1330 2084 quae
1369 1990 1686 2063 medium
1727 1990 1961 2062 locum
2006 1990 2193 2064 inter
2224 1991 2545 2064 dolorem
2588 2002 2659 2065 et
2695 2012 2822 2065 vo-

670 2121 1013 2214 luptatem
1078 2123 1276 2192 tenet
1325 2140 1341 2188 ε
1393 2114 1588 2208 quod
1647 2114 1937 2206 quidem
1989 2135 2032 2187 a
2079 2116 2310 2189 Tullio
2363 2117 2440 2188 in
2484 2117 2669 2189 libro
2723 2118 2824 2190 de

673 2245 974 2322 Finibus
1040 2244 1393 2316 bonorum
1459 2248 1528 2314 et
1601 2242 1949 2312 malorum
2018 2241 2366 2333 inscripto
2439 2242 2826 2334 perspicue

674 2371 1021 2448 refellitur
1066 2367 1197 2464 (Ξ).
1254 2366 1392 2441 Sed
1440 2366 1712 2440 Gellius
1741 2418 1760 2453 ,
1803 2366 2372 2439 academicorum
2431 2369 2590 2458 ejus
2641 2375 2824 2439 tem·

678 2495 873 2592 poris
936 2511 1178 2578 more,
1241 2511 1545 2582 quorum
1611 2491 2067 2582 disciplinam
2125 2492 2320 2582 apud
2387 2493 2824 2565 Favorinum

676 2620 1062 2702 didicerat,
1112 2616 1479 2710 Epicureis
1517 2616 1861 2689 adversus
1909 2616 2171 2689 stoicos
2209 2623 2279 2688 et
2317 2617 2826 2709 peripateticos

679 2743 1135 2838 adjutoribus
1180 2741 1410 2815 favere
1450 2740 1782 2815 debebat.

782 2870 1084 2944 Auctore
1123 2864 1542 2947 Plutarcho,
1585 2862 1935 2955 quaedam
1986 2864 2075 2936 de
2120 2866 2582 2957 Pythagoreis
2626 2866 2829 2938 aliis·

685 3013 827 3090 que
866 2990 1351 3088 philosophis,
1397 2989 1486 3062 de
1517 2989 1784 3080 quibus
1825 2988 2011 3061 infra
2041 2988 2342 3069 dicetur,
2383 2998 2629 3063 narrat
2666 2991 2830 3064 Gel-

199 3159 627 3220 1„1v,c.x1,—-
686 3121 873 3206 line,
938 3117 1435 3208 nonnullaque
1495 3115 1653 3206 eJus
1715 3112 1803 3186 de
1856 3113 2071 3186 rebus
2137 3114 2228 3185 ad
2290 3115 2830 3206 philosophiam

260 3221 349 3336 ¹223(
388 3234 438 3336 ξ’,
468 3236 538 3336 ἶζζ
570 3243 631 3320 ἶ
689 3245 981 3341 paulum
1026 3238 1556 3337 pertinentibus
1605 3237 2017 3310 testimonia
2057 3239 2322 3330 promit
2365 3239 2631 3331 quibus
2670 3258 2833 3331 par-

262 3321 633 3470 }{⁵¹„'‚⁶;‡¹,2“
690 3389 845 3446 vam
900 3369 1114 3444 ssdem
1157 3365 1499 3458 praebere
1537 3363 1842 3437 videtur.
1885 3364 2069 3436 Dicit
2106 3371 2344 3436 tamen
2388 3382 2550 3436 eum
2598 3364 2834 3437 homi·

692 3513 854 3570 nem
914 3493 1135 3567 [uisse
1186 3491 1267 3560 in
1311 3486 1705 3582 disciplinis
1757 3489 1977 3579 gravi
2022 3492 2446 3560 auctoritate
2496 3485 2640 3581 (5),
2701 3488 2835 3561 sed

747 3747 815 3813 (l)
854 3747 928 3799 De
964 3744 1273 3805 Plutarch03
1307 3743 1376 3794 cf.
1407 3741 1605 3803 Mont.,
1638 3742 1838 3802 EssaiS,
1872 3742 1909 3790 l.
1943 3740 2044 3801 111,
2076 3755 2124 3792 c.
2156 3754 2219 3801 v,
2253 3754 2324 3791 vr.
2367 3766 2425 3777 -—
2454 3739 2693 3803 Greard,
2724 3742 2836 3791 Πο-

686 3837 793 3890 ralc
821 3837 885 3888 de
910 3834 1207 3899 Plutarque.
1242 3861 1302 3871 —
1332 3832 1514 3895 Denis,
1545 3845 1628 3896 op.
1662 3831 1772 3891 cit„
1799 3835 1837 3881 t.
1868 3829 1941 3890 ΙΙ,
1967 3845 2018 3894 p.
2044 3828 2126 3889 93,
2163 3828 2272 3880 102.

752 3928 819 3994 (2)
845 3927 959 3980 Cic.
982 3965 996 3990 ‚
1026 3927 1094 3977 Dc
1125 3926 1243 3977 Fin.
1263 3964 1276 3982 ,
1305 3924 1371 3988 11,
1402 3925 1432 3974 5
1464 3943 1476 3973 ι
1513 3943 1538 3968 «
1566 3921 1699 3983 Quis
1726 3921 1869 3970 enim
1897 3925 1979 3970 est
2008 3920 2100 3983 qui
2128 3933 2235 3970 non
2265 3918 2444 3969 videat
2470 3921 2601 3971 haec
2629 3933 2747 3971 esse
2778 3920 2834 3969 in

692 4022 881 4069 natura
905 4027 1082 4065 rerum
1113 4014 1247 4065 tria?
1277 4011 1453 4063 Unum
1473 4025 1600 4063 cum
1630 4012 1686 4060 in
1715 4011 1986 4074 voluptate
2014 4023 2231 4068 sumus;
2256 4012 2482 4060 alterum
2504 4022 2628 4060 cum
2657 4009 2714 4059 iu
2740 4008 2837 4059 do·

695 4107 835 4162 lore:
872 4101 1103 4155 tertium
1127 4103 1231 4153 hoc
1262 4102 1317 4152 in
1346 4115 1451 4166 quo
1479 4114 1624 4152 nunc
1656 4099 1871 4163 quidem
1905 4113 2091 4150 sumus
2125 4114 2139 4148 ι
2169 4099 2329 4149 credo
2358 4098 2500 4148 idem
2523 4112 2620 4150 vos
2648 4111 2747 4150 nec
2781 4098 2839 4147 in

695 4195 875 4246 dolore
902 4206 1006 4244 nec
1030 4194 1084 4243 in
1113 4175 1384 4256 voluptate
1415 4204 1549 4241 esse.
1581 4207 1606 4234 n
3111 4247 3112 4260 ἵ

758 4284 827 4349 (3)
854 4282 1058 4346 Mont.,
1091 4281 1187 4332 loc.
1215 4280 1304 4333 cit.
1334 4301 1346 4331 ε
1376 4300 1403 4329 α
1432 4279 1717 4343 Plutarque
1736 4316 1749 4340 ,
1781 4278 1872 4342 qui
1903 4282 1986 4328 est
2013 4278 2080 4330 de
2111 4282 2230 4329 tous
2262 4281 2340 4329 les
2373 4281 2626 4329 aucteurs
2655 4291 2758 4340 que
2785 4279 2842 4340 ie
