3125 4959
1219 481 1577 542 -129—

328 623 557 695 varias
601 623 1194 714 philosophorum
1246 627 1473 693 sectas
1525 620 1715 703 adit,
1768 640 1952 702 non,
2007 631 2083 691 et
2135 619 2459 707 aequalis

328 749 483 839 ejus
525 749 879 819 Lucianus
905 802 920 829 ,
971 767 1114 836 quo
1156 745 1542 819 faciliorem
1582 745 1876 817 ludibrii
1920 747 2283 817 materian]
2327 747 2455 815 eb-

331 871 554 944 tineat
579 926 595 953 ,
639 871 763 944 sed
805 892 947 962 quo
987 871 1111 943 fiat
1149 871 1305 962 ipse
1344 871 1616 966 doctior
1656 878 1723 943 et
1764 873 2155 963 sapienties·
2195 879 2263 943 et
2315 871 2459 943 drie-

330 996 536 1069 cendi
575 996 893 1088 cupidini
939 996 1699 1086 rectiusobtemperet.
1739 996 1913 1068 Inde
1954 996 2031 1067 fit
2075 1007 2147 1067 et
2191 1019 2331 1067 nen
2371 999 2463 1067 eit

243 1214 252 1223 ⁵
331 1121 533 1193 facile
581 1121 776 1194 dictu
824 1122 916 1193 ad
970 1140 1184 1211 quam
1246 1122 1483 1211 potius
1532 1122 1982 1193 inclinaverit
2023 1123 2139 1191 ille
2195 1123 2463 1195 nulline

330 1248 647 1338 magistri
708 1248 1085 1319 sententiis
1141 1246 1514 1327 addictus,
1559 1265 1643 1319 eo
1685 1253 1998 1337 ternpore
2051 1267 2191 1335 fler]
2235 1247 2463 1319 direr-

330 1372 662 1445 sissimae
719 1372 1143 1463 disciplinae
1201 1374 1494 1443 Romam
1556 1391 1713 1443 cum
1778 1390 1816 1442 e
1873 1371 2159 1443 Graeeie
2223 1379 2371 1443 tem
2427 1391 2459 1440 e

335 1496 837 1569 remotioribus
879 1480 1191 1567 Orientis
1248 1496 1661 1586 regionibus
1717 1497 2199 1568 confluebant,
2255 1495 2459 1567 Gellii

334 1629 568 1694 tamen
605 1621 769 1691 libri
818 1621 940 1692 tibi
987 1620 1325 1711 prodesse
1358 1628 1693 1711 poterunt
1728 1620 1786 1692 si
1831 1640 2251 1712 cogneeeere
2291 1623 2459 1691 velie

331 1765 515 1836 quae
551 1746 732 1817 circa
776 1746 931 1836 eJus
973 1752 1291 1836 tempora
1334 1745 1741 1834 investigari
1795 1753 1862 1815 et
1903 1745 2267 1835 disputare
2307 1747 2463 1835 phi-

329 1872 612 1962 losophi
654 1871 847 1942 soliti
887 1870 1072 1955 sint,
1120 1889 1303 1960 quae
1358 1870 1537 1940 vitae
1579 1877 1646 1939 et
1684 1870 2055 1939 hominurn
2103 1891 2335 1939 meree
2387 1889 2463 1939 ae

328 2004 568 2088 partes
613 1996 1015 2068 studiorum
1060 1995 1483 2086 praecipuae
1525 1993 1814 2066 fuerint.

422 2120 762 2192 Noctibus
812 2120 1062 2192 Atticis
1116 2121 1392 2191 nullam
1438 2128 1587 2192 tum
1641 2119 2035 2191 doctrinan*
2091 2139 2339 2211 pin'ae]
2399 2131 2463 2191 et

330 2249 677 2338 integram
734 2246 1255 2338 permansisse,
1320 2265 1826 2336 quamcunque
1876 2255 2163 2327 contra,
2231 2247 2463 2319 aliene

329 2372 820 2454 mutuatione,
884 2390 1038 2442 cum
1097 2370 1343 2462 cynica
1389 2372 1726 2453 stoicam,
1785 2391 1942 2443 curn
1998 2375 2323 2463 epieuree
2399 2383 2467 2443 et

330 2498 721 2589 pyrrhonia
778 2496 1252 2581 academicam
1311 2497 1765 2569 commixtam
1814 2497 2035 2568 fuisse
2095 2499 2327 2571 videre
2371 2499 2459 2567 li-

331 2631 463 2695 eet.
512 2625 698 2694 Haec
727 2630 964 2694 tamen
1008 2622 1318 2713 primum
1363 2623 1594 2693 locum
1628 2624 1890 2694 Romae
1930 2622 2299 2695 obtinebat
2343 2623 2463 2695 ehi

333 2749 540 2838 quasi
572 2746 949 2819 altioribus
987 2747 1541 2837 cogitationibus
1576 2747 1805 2818 fessae
1848 2759 2123 2819 mentee
2167 2771 2290 2839 pre
2323 2767 2467 2819 eer—

333 2875 424 2946 tis
473 2871 875 2964 probabilia
928 2873 1429 2962 requirebant,
1494 2872 1613 2943 ubi
1664 2872 2091 2963 jampriden]
2151 2883 2227 2943 nt-
2291 2895 2459 2963 gen-

332 2998 510 3068 tium
554 2996 652 3068 ita
685 2996 1109 3087 opinionum
1148 2995 1497 3086 quaedam
1544 2997 1883 3067 colluvies
1922 2996 2071 3067 fieri
2111 3007 2459 3087 eeeperal.

334 3121 507 3193 Inde
547 3121 809 3192 factum
855 3130 1004 3193 erat
1048 3128 1122 3192 ut
1162 3121 1626 3211 philosophia
1667 3140 1852 3211 quae
1890 3130 2055 3191 ante
2107 3123 2459 3191 Socratem

337 3246 649 3321 universi
686 3246 953 3334 ⁴mundi
1014 3244 1360 3335 originem
1423 3255 1491 3317 et
1530 3247 1887 3336 principia
1933 3246 2467 3335 deprehendere

336 3378 587 3443 conata
655 3380 805 3443 erat
863 3391 944 3442 ac
1014 3379 1174 3461 post
1244 3389 1403 3443 eum
1475 3373 1863 3442 humanam
1946 3379 2271 3443 naturae]
2343 3391 2467 3459 pre

335 3497 956 3587 praestantissima
1047 3497 1459 3585 inquirendi
1555 3503 1753 3586 parte
1824 3497 2207 3575 habuerat,
2299 3499 2463 3567 [leni

336 3621 808 3692 Alexandrini
860 3622 1180 3694 doctores
1242 3606 1792 3712 supremo‘nisu
1846 3622 2087 3694 divina
2127 3623 2471 3715 attingere

337 3745 728 3826 auderent,
776 3746 1187 3819 dialecticae
1241 3747 1634 3837 aliquando
1689 3747 2043 3818 subtiliori
2107 3747 2463 3824 eluderet:

339 3889 523 3960 quae
582 3890 664 3942 eo
727 3872 950 3963 magis
1021 3872 1240 3971 viguit
1301 3892 1443 3963 quo
1517 3874 1757 3964 plures
1820 3875 2335 3944 sententiarum
2403 3883 2467 3943 et

340 3995 749 4066 scholarum
791 3989 1315 4069 controversiae
1355 3998 1672 4069 fuerunt.

440 4122 607 4191 Eam
663 4120 972 4212 primum
1034 4121 1377 4193 didicerat
1427 4122 1696 4192 Gellius
1766 4141 1895 4194 nec
1955 4143 2267 4211 unquam
2343 4143 2463 4191 ne—

340 4245 581 4335 glexit,
628 4248 891 4336 quippe
933 4266 1088 4315 rum
1132 4265 1314 4328 eam,
1361 4265 1505 4317 non
1548 4248 1815 4318 omisso
1860 4256 2095 4319 tamen
2155 4251 2467 4339 perieule

2115 4379 2151 4443 9
