3125 4959
1242 456 1607 517 -111—

458 600 559 670 De
590 598 839 676 servis,
881 614 1065 689 quos
1105 594 1376 666 familia
1414 600 1484 667 et
1521 594 1778 667 domus
1820 609 2108 683 quoque
2140 591 2487 679 complec-

362 721 683 804 tebatur,
735 720 1034 812 antiqua
1082 720 1247 810 jura
1301 725 1371 792 et
1428 736 1605 791 usus
1659 717 1900 809 potius
1957 715 2211 807 repetit
2271 731 2483 803 quam

362 864 608 918 eorum
646 844 1122 937 patrocinium
1163 842 1416 935 arripit
1460 867 1477 913 ε
1522 842 1851 934 quamvis
1881 838 2263 911 atrociores
2291 839 2487 927 *ieje-

357 969 514 1039 rias
553 971 777 1043 servis
821 970 1057 1041 illatas
1092 970 1254 1060 J‘ure
1301 967 1648 1040 vindicari
1689 965 1921 1053 dicat,
1966 964 2164 1039 et-ad
2203 963 2487 1035 miseri-

365 1094 678 1166 cordiam
733 1111 1004 1185 pronus
1052 1092 1276 1164 fuisse
1334 1090 1703 1174 videatur,
1760 1089 1951 1183 apud
2008 1108 2169 1161 eum
2227 1087 2499 1159 deside-

368 1227 617 1292 rantur
654 1218 820 1291 illae
860 1236 1247 1311 generosae
1287 1223 1355 1289 et
1397 1216 1821 1309 splendidae
1869 1214 2267 1289 sententiae
2315 1231 2499 1303 quae

366 1351 529 1435 post
572 1343 983 1416 Ciceronem
1043 1350 1112 1416 et
1167 1345 1510 1416 Senecam
1562 1343 1886 1434 vulgatae
1941 1359 2068 1432 per
2116 1339 2375 1412 stoieee
2435 1347 2503 1411 et

365 1469 580 1541 etiam
622 1470 907 1561 cynicos
949 1468 1256 1541 diffundi
1299 1487 1445 1540 non
1485 1468 1886 1542 desierunt.

466 1594 596 1665 Hic
622 1592 864 1665 forsan
897 1592 1097 1666 decet
1133 1592 1391 1668 referre
1430 1612 1616 1685 quae
1657 1592 1746 1665 de
1776 1592 2090 1665 amicitia
2117 1600 2189 1665 et
2215 1595 2495 1671 amieis,

371 1718 637 1809 quibus
682 1738 813 1791 sua
870 1719 1079 1792 sedes
1134 1720 1211 1790 in
1274 1719 1487 1791 domo
1545 1717 1964 1810 familiaque
2021 1725 2171 1796 est,
2231 1719 2503 1791 Gellius

371 1843 703 1916 senserit.
775 1844 1016 1916 Latius
1088 1851 1331 1916 narrat
1383 1842 1759 1916 Chilonem
1830 1842 2499 1927 Lacedaemenium‚

370 1967 875 2059 praestabilem
937 1968 1293 2060 sapientia
1352 1968 1627 2050 virum,
1688 1986 1848 2040 cum
1905 1969 2052 2059 jam
2114 1971 2503 2040 meriturus

374 2100 563 2166 esset
606 2100 717 2178 et,
760 2092 1121 2167 advocatis
1161 2095 1411 2167 amicis
1438 2150 1455 2178 ‚
1499 2101 1720 2167 totam
1760 2094 1974 2166 vitam
2017 2095 2359 2167 memorie.
2399 2115 2507 2167 re-

375 2218 764 2308 penderet,
822 2219 1095 2292 nullius
1149 2219 1250 2292 rei
1305 2221 1731 2292 commissae
1783 2219 2227 2313 aegritudine
2287 2239 2363 2291 ee
2415 2227 2511 2291 te-

378 2342 533 2415 neri
574 2343 839 2416 fessum
882 2362 1043 2417 esse
1076 2344 1220 2416 nisi
1255 2344 1478 2436 quod,
1516 2344 1594 2415 in
1626 2362 1840 2416 causa
1873 2342 2159 2436 capitali
2198 2343 2507 2435 quadem

377 2468 566 2541 inter
596 2468 864 2560 jndicis
904 2468 1141 2541 officia
1190 2476 1260 2543 et
1300 2468 1658 2542 amicitiae
1699 2468 2020 2542 studium
2060 2487 2323 2559 ancepe
2347 2523 2363 2551 ‚
2411 2479 2511 2539 ta-

379 2592 561 2664 citus
598 2592 1080 2666 damnativam
1122 2594 1552 2668 sententiam
1594 2595 1880 2667 tulisset
1914 2612 2074 2666 cum
2101 2595 2351 2685 judieii
2391 2615 2508 2667 ee-

378 2715 508 2788 ciis
549 2722 627 2789 ut
666 2735 863 2791 reum
904 2718 1360 2791 absolverent
1397 2719 1902 2809 persuaderet,
1949 2721 2052 2792 sic
2090 2718 2511 2792 existimans

380 2859 458 2914 se
515 2861 661 2913 una
709 2842 974 2933 judicis
1027 2851 1097 2917 et
1150 2843 1360 2916 amici
1406 2843 1638 2916 officia
1687 2845 2066 2916 observare
2118 2869 2135 2915 ε
2197 2847 2323 2915 aed
2375 2843 2511 2915 enh

385 2966 706 3038 ultimam
748 2968 932 3040 vitae
990 2975 1251 3040 metam
1311 2969 1485 3041 haec
1541 2967 1799 3060 agendi
1855 2968 2037 3040 ratio
2078 2987 2239 3041 euni
2291 2987 2507 3059 euge-

379 3089 530 3162 bat.
566 3090 705 3162 Alii
737 3092 1155 3184 philosophi
1185 3094 1375 3166 inter
1404 3112 1587 3185 quos
1619 3093 1933 3179 fuerunt,
1969 3100 2048 3165 ut
2083 3112 2299 3185 supr-e
2331 3095 2515 3163 dixi-

384 3234 571 3298 mus,
615 3216 1149 3308 Theophrastus
1188 3225 1258 3290 et
1295 3217 1566 3301 Cicero,
1611 3218 1799 3290 hanc
1832 3212 2323 3308 quaestionem
2371 3219 2515 3291 die-

381 3347 809 3432 putaverunt
825 3360 1204 3439 quousque
1221 3361 1348 3435 pro
1370 3342 1599 3415 amico
1618 3350 1864 3416 contra
1880 3343 2107 3435 legem
2127 3351 2519 3431 contraque

377 3466 497 3555 jus
542 3465 872 3557 progredi
915 3466 1208 3539 cuilibet
1257 3467 1527 3540 licitum
1577 3467 1710 3550 sit,
1758 3467 2035 3540 Tullius
2076 3466 2363 3559 quiden]
2411 3471 2511 3539 le-

383 3589 542 3664 vius
596 3615 613 3661 2
666 3572 1028 3683 ambigere
1092 3586 1373 3665 videtur
1435 3592 1754 3676 GelliuS,
1816 3592 2227 3665 existimare
2279 3603 2515 3663 temen

386 3714 570 3787 nihil
610 3722 856 3789 contra
891 3717 1012 3807 jus
1052 3717 1266 3789 etiam
1305 3736 1433 3809 pro
1474 3717 1704 3789 amico
1739 3717 2184 3801 faciendum,
2227 3723 2363 3791 hee
2399 3739 2511 3791 re-

386 3837 529 3911 lato
595 3839 885 3912 Periclis
948 3840 1041 3934 (l)
1077 3896 1095 3925 ,
1160 3841 1353 3912 bonis
1407 3840 1720 3912 omnibus
1781 3841 2174 3935 disciplinis
2235 3843 2479 3911 erecte
2499 3899 2515 3923 ,

388 3980 734 4054 responso
774 3964 899 4056 qui
935 3964 1164 4038 amico
1204 3967 1481 4057 roganti
1520 3973 1601 4038 ut
1638 3985 1768 4058 pro
1808 3967 1964 4058 eJ‘us
2005 3985 2219 4039 causa
2259 3967 2515 4039 falsum

452 4243 519 4307 (1)
548 4242 629 4296 Cf.
654 4242 931 4308 Mercklin,
958 4260 1043 4311 op.
1068 4246 1123 4307 l.‚
1151 4262 1201 4314 p.
1227 4246 1337 4300 654.

2603 851 2651 899 L.
2688 851 2784 911 lix,
2816 863 2856 895 e.
2892 863 2924 899 r*

2639 1847 2688 1895 L.
2720 1847 2756 1903 Ι,
2788 1859 2828 1891 e.
2856 1859 2924 1891 ῙΠ.
