3125 4959
93 702 142 752 i.
177 702 303 760 XVI,
336 714 377 748 c.
411 714 511 748 vm.

87 1316 135 1363 1„
165 1315 282 1376 XVI,
307 1329 349 1365 c.
371 1329 505 1365 xvnr.

137 1567 190 1616 L.
221 1566 300 1628 111,
328 1579 369 1619 c.
401 1580 453 1615 x.

84 1820 134 1868 L.
161 1819 281 1880 XIX,
307 1833 349 1869 c.
370 1835 404 1880 1,
429 1824 505 1870 15.

85 2350 136 2367 a.
170 2320 269 2380 XV,
306 2332 348 2369 c.
383 2334 506 2369 xxx.

117 3196 168 3247 L.
205 3196 293 3254 IX,
328 3209 369 3245 c.
406 3210 473 3247 ιν.

102 3445 156 3496 L.
188 3446 242 3507 V,
278 3459 318 3495 c.
351 3461 488 3496 xvm.

1451 419 1812 480 —102—

574 559 725 650 lege
758 577 901 649 qua
935 555 1118 630 effici
1156 555 1368 629 debet
1395 610 1412 638 ‚
1459 555 1547 627 de
1582 554 1996 627 inductione
2037 574 2251 645 quam
2292 555 2433 626 alio
2478 573 2703 627 sensu

569 705 650 757 ac
686 703 818 755 nos
860 681 1139 755 definit.

669 809 767 879 Ea
806 807 1032 898 magis
1081 805 1297 897 digna
1351 814 1522 877 sunt
1579 821 1763 897 quae
1802 811 2134 877 notemus
2177 823 2361 894 quae
2396 803 2483 875 de
2522 802 2699 874 dua-

567 933 705 1005 bus
746 930 1174 1023 geometriae
1221 929 1549 1021 partibus
1611 929 1833 1013 dixit,
1893 929 2162 1001 scilicet
2208 929 2297 1001 de
2350 930 2578 1020 optice
2629 936 2701 1001 et

568 1075 911 1129 sonorum
964 1055 1262 1127 scientia
1298 1109 1314 1136 ,
1381 1073 1542 1126 cum
1610 1054 2126 1127 recentioribus
2184 1054 2699 1145 experimentis

565 1179 1062 1255 convenientia
1103 1206 1120 1252 ε
1177 1207 1206 1244 ‹
1250 1181 1565 1271 Utraque
1596 1180 1848 1252 harum
1892 1179 2144 1270 spatiis
2189 1186 2260 1250 et
2298 1178 2699 1250 intervallis

563 1306 916 1379 linearum
958 1312 1027 1377 et
1065 1305 1341 1377 ratione
1375 1322 1838 1376 numerorum
1874 1310 2178 1376 constat.
2225 1331 2255 1367 ›
2307 1304 2527 1395 Magis
2560 1322 2695 1373 au-

564 1437 707 1501 tem
750 1429 898 1500 ludi
943 1448 1156 1519 quam
1200 1428 1625 1518 disciplinae
1663 1434 1833 1499 sunt
1874 1445 2059 1517 quae
2098 1446 2184 1499 ex
2225 1426 2408 1498 libro
2446 1427 2698 1497 Varro·

564 1555 680 1625 nis
740 1553 828 1621 de
881 1552 1269 1645 septenarii
1321 1552 1612 1622 numeri
1664 1550 1740 1621 vi
1796 1557 1864 1621 et
1915 1550 2257 1645 facultate
2303 1550 2612 1642 sumpsit
2676 1577 2692 1621 :

566 1677 759 1768 quod
798 1678 1251 1769 pythagoreis
1289 1677 1571 1769 placitis
1610 1678 1902 1768 paulum
1946 1677 2182 1749 differt
2227 1673 2357 1771 (1).

679 1802 853 1875 Cum
922 1802 1164 1874 stoicis
1230 1807 1475 1874 contra
1533 1802 1897 1873 veritatem
1962 1802 2036 1873 in
2105 1820 2410 1873 assensu
2470 1800 2698 1871 animi

564 1946 830 2018 ponere
886 1926 1163 1998 videtur
1218 1926 1342 2018 qui
1393 1924 1764 1995 voluntatis
1815 1932 1911 1994 est
1965 1932 2033 1996 et
2082 1924 2548 2008 arbitr-arina,
2601 1926 2697 1997 ab

563 2051 1004 2124 Academicis
1074 2050 1513 2123 dissentiens
1573 2051 1729 2140 (2);
1797 2049 2017 2141 idque
2083 2051 2277 2140 quod
2339 2057 2699 2141 spectatae

564 2176 1049 2268 experientiae
1084 2184 1193 2248 est
1224 2182 1293 2248 et
1330 2195 1466 2247 usu
1507 2175 1916 2266 probatum,
1952 2174 2278 2246 hortatur
2318 2181 2396 2246 ut
2432 2173 2526 2245 ad
2558 2172 2697 2243 dis-

562 2301 864 2394 ciplinas
915 2300 1326 2371 litterarum
1367 2322 1507 2371 non
1556 2298 1787 2370 serius
1823 2298 2155 2384 adeatur,
2209 2320 2300 2373 ne
2345 2319 2458 2372 res
2510 2300 2699 2373 male

563 2426 790 2499 cedat.
2388 2510 2393 2515 .

662 2551 1131 2636 Quaestiones
1173 2550 1561 2636 naturales,
1606 2558 1685 2622 ut
1715 2551 1862 2639 J'am
1905 2550 2249 2634 diximuS‚
2297 2556 2508 2641 prout
2546 2557 2698 2623 erat

563 2675 805 2747 omnia
856 2675 1178 2748 discendi
1230 2675 1561 2767 cupidus,
1611 2675 1842 2767 attigit
1881 2675 2180 2762 Gellius,
2232 2675 2479 2747 leviter
2530 2674 2695 2767 qui-

563 2799 723 2872 dem
773 2807 841 2871 et
890 2806 1154 2872 temere
1197 2824 1214 2870 ε
1274 2799 1401 2871 sed
1444 2807 1827 2891 postquam
1872 2799 2051 2871 mira
2091 2800 2445 2890 quaedam
2495 2819 2534 2873 e
2574 2799 2689 2871 di-

563 2925 786 2997 versis
819 2925 1288 3016 scriptoribus
1320 2931 1607 3016 sumpta
1637 2924 1905 3011 retulit,
1934 2925 2034 2997 ait
2061 2925 2299 3016 ipsum
2331 2925 2697 2998 taeduisse

560 3048 973 3143 scripturae
1038 3048 1221 3119 nihil
1275 3050 1375 3119 ad
1429 3049 1838 3120 ornandum
1873 3048 2430 3143 juvandumque
2485 3072 2695 3119 usum

562 3174 750 3244 vitae
782 3172 1222 3267 pertinentis,

662 3300 956 3389 Logicae
999 3319 1195 3372 nunc
1234 3300 1696 3391 assignantur
1743 3300 2134 3372 testimonii
2175 3300 2576 3373 aestimatio
2620 3308 2695 3375 et

564 3425 907 3497 historiae
947 3426 1137 3515 leges
1173 3449 1189 3494 ε
1235 3425 1325 3497 de
1364 3425 1455 3497 iis
1491 3444 1717 3517 pauca
1752 3432 1923 3497 sunt
1958 3425 2148 3517 apud
2184 3426 2520 3510 Gellium,
2563 3427 2692 3516 qui

563 3549 653 3621 de
699 3549 1042 3620 historiae
1096 3548 1519 3622 definitione
1565 3549 1888 3642 ambigit,
1936 3569 2069 3623 nec
2105 3569 2259 3622 eam
2300 3551 2393 3623 ab
2444 3551 2689 3622 Anna-

521 3674 754 3745 ·lihus
809 3674 983 3745 satis
1023 3674 1237 3765 plane
1287 3674 1628 3747 discernit
1674 3699 1689 3745 :
1735 3682 2023 3749 auctore
2066 3682 2305 3749 tamen
2350 3679 2688 3768 Sempro-

561 3799 682 3871 nio
725 3798 1088 3871 Asellione
1128 3818 1332 3883 usus,
1379 3816 1563 3890 quae
1601 3818 1762 3872 vere
1807 3800 1899 3872 sit
1945 3801 2245 3873 historia
2283 3800 2690 3894 significare

621 4118 688 4182 (l)
718 4116 854 4168 Vide
877 4132 1051 4182 supra.

624 4206 691 4270 (2)
719 4204 857 4257 Vide
884 4207 1170 4269 Brochard,
1199 4210 1283 4260 Les
1310 4209 1585 4273 sceptiques
1613 4221 1765 4272 areca,
1795 4224 1932 4273 pass.
