3125 4959
1535 476 1855 539 ..90—

175 586 475 680 uni-v.
505 631 548 678 t·-
629 615 956 698 audiant,
1009 641 1042 681 υ
1092 633 1277 706 quae
1316 633 1478 689 vera
1530 622 1640 688 est
1693 616 2080 708 Pyrrhonis
2134 615 2509 708 disciplina
2547 616 2756 706 cujus

628 740 786 831 ipsa
832 740 1044 813 refert
1089 740 1328 812 verba.
1376 742 1644 832 Pyrrho
1692 741 1884 813 enim
1935 742 2119 813 hanc
2173 741 2382 813 Plinii
2438 740 2754 813 Secundi

628 864 1147 936 contumaciam
1199 884 1343 936 non
1385 865 1758 938 affectabat
1804 887 2029 935 unum
2076 870 2348 935 certum
2395 863 2577 933 nihil
2608 885 2762 933 esse

629 988 830 1075 certi,
876 997 971 1073 et,
1018 990 1213 1081 quod
1253 991 1522 1063 Gellius
1572 990 1839 1072 omisit,
1880 992 2042 1063 ideo
2088 992 2338 1082 judicii
2388 991 2757 1063 abstinen-

632 1116 802 1187 tiam
846 1116 1193 1189 suadebat
1239 1124 1317 1188 ut
1359 1118 1584 1188 animi
1625 1117 2143 1207 tranquillitate
2180 1117 2573 1188 frueremur
2625 1112 2752 1209 (1).

631 1242 771 1313 Nec
815 1242 1147 1332 exposuit
1184 1242 1455 1314 Gellius
1503 1248 1860 1331 quatenus
1906 1260 2144 1313 secum
2190 1242 2335 1313 sint
2384 1236 2759 1313 consenta-

179 1386 228 1436 ι.
259 1386 401 1447 x1,e.
433 1401 481 1442 v.
511 1389 553 1436 ⁵.
637 1369 752 1441 nei
793 1367 897 1439 illi
956 1368 1080 1458 qui
1131 1367 1447 1439 sinceras
1480 1366 1961 1463 proprietates
2011 1373 2276 1456 neyant
2327 1387 2519 1458 posse
2566 1364 2766 1436 nosci

634 1498 697 1561 et
718 1491 1008 1585 percipi
1050 1491 1260 1585 idque
1310 1491 1558 1564 docere
1603 1498 1811 1584 atque
1856 1490 2216 1561 ostendere
2253 1489 2489 1560 multis
2534 1488 2768 1559 modis

633 1622 1011 1688 conantur.
1059 1620 1158 1689 De
1198 1617 1287 1689 iis
1321 1617 1601 1709 placitis
1641 1617 2192 1708 pyrrhoniorum
2231 1615 2430 1688 addit
2460 1615 2765 1706 scriptos

635 1760 677 1812 a
728 1742 1074 1813 Favorino
1136 1742 1358 1813 libros
1410 1742 1650 1815 decem
1706 1738 2138 1810 subtilissime
2184 1737 2768 1832 aryutissimeque

179 1885 229 1934 L.
259 1886 333 1947 xt,
361 1899 403 1936 e.
428 1900 478 1945 v,
509 1892 552 1937 5.
632 1866 1067 1961 compositos.

732 1996 811 2066 In
850 1996 984 2068 hoc
1023 1994 1427 2067 consentire
1465 1994 1564 2066 ait
1601 1994 2034 2085 Pyrrhonios
2069 2000 2137 2065 et
2171 1991 2622 2065 Academicos
2654 1987 2755 2082 (2)

636 2120 829 2210 quod
871 2121 1156 2211 utrique
1197 2127 1458 2212 negent
1500 2120 1718 2191 ullam
1764 2137 1908 2190 rem
1954 2118 2218 2210 percipi
2267 2136 2475 2208 posse
2512 2135 2637 2208 per
2682 2133 2767 2187 se

634 2263 715 2316 ac
742 2263 951 2317 suum
993 2262 1275 2336 semper
1316 2245 1673 2316 retineant
1705 2240 2087 2333 judicium,
2123 2241 2314 2331 quod
2355 2238 2768 2332 significant

634 2388 877 2460 graeca
908 2387 1153 2441 eorum
1179 2366 1604 2460 Cognomina
1629 2368 1976 2452 σκεπτικοὶ,
1997 2368 2329 2459 ἐφεκτικοὶ,
2355 2368 2758 2459 ἀπορητικοί·

635 2492 1028 2564 secundum
1074 2501 1418 2584 utrosque
1454 2493 1542 2564 de
1582 2493 1819 2583 specie
1855 2510 2120 2573 rerum,
2156 2509 2302 2566 non
2335 2492 2423 2562 de
2463 2509 2537 2562 re
2569 2509 2760 2573 vera,

635 2615 723 2688 de
773 2615 862 2688 iis
913 2635 1096 2707 quae
1145 2617 1499 2690 sentimus
1548 2636 1681 2691 nec
1731 2617 1819 2689 de
1869 2617 1959 2689 iis
2010 2634 2194 2707 quae
2246 2622 2416 2687 sunt
2456 2615 2766 2707 judicari

636 2741 822 2813 licet.
878 2743 956 2812 ln
1006 2760 1089 2813 eo
1146 2743 1566 2833 praesertim
1618 2742 2058 2814 dissentiunt
2110 2741 2303 2832 quod
2358 2739 2767 2813 Academici

634 2866 769 2938 hoc
796 2866 1047 2939 saltem
1075 2865 1435 2939 affirmant
1470 2868 1654 2939 nihil
1684 2867 1968 2939 decerni
2002 2865 2486 2957 affirmarique
2517 2884 2759 2956 posse,

178 3014 473 3075 L.x1‚e.v,
503 3021 547 3066 s.
633 2991 802 3063 dum
845 2999 1090 3064 contra
1146 2992 1520 3084 Pyrrhonii
1579 3011 1670 3064 ne
1719 2992 1852 3064 hoc
1902 2991 2221 3081 quidem.
2270 2991 2766 3063 Strictioribus

630 3116 1070 3208 argumentis
1113 3135 1342 3209 nuper
1383 3117 1951 3189 demonstratum
1995 3124 2104 3188 est
2142 3102 2584 3208 Pyrrhonios‘
2616 3135 2767 3187 ma-

630 3241 737 3332 gis
776 3241 868 3314 ad
908 3260 989 3315 ea
1027 3260 1212 3331 quae
1252 3242 1595 3315 scientiae
1640 3242 1931 3313 nomine
1972 3261 2164 3313 nunc
2199 3261 2558 3324 vocamus,
2601 3261 2762 3313 aca-

631 3363 943 3438 demicos
984 3383 1146 3438 vero
1185 3365 1277 3437 ad
1322 3383 1403 3437 ea
1451 3384 1637 3456 quae
1676 3366 2015 3437 dicuntur
2066 3366 2338 3437 litterae
2383 3367 2607 3458 magis
2648 3367 2765 3437 in·

630 3489 1007 3562 cliuavisse
1054 3487 1148 3582 (5)
1197 3514 1213 3561 ε
1258 3488 1365 3560 illi
1406 3491 1597 3561 enim
1641 3490 2081 3563 dialecticam
2125 3490 2604 3581 dedignantur
2637 3499 2768 3563 aut

631 3611 840 3683 etiam
883 3611 1239 3693 derident,
1279 3612 1355 3684 hi
1396 3620 1642 3685 contra
1682 3633 1836 3686 eam
1879 3613 2188 3685 maxima
2228 3632 2446 3704 opera
2485 3614 2759 3685 colunt.

626 3735 1018 3808 Favorinus
1067 3742 1303 3809 tamen
1358 3737 1545 3810 inter
1594 3746 1981 3829 utrumque
2032 3747 2223 3810 stare
2280 3738 2583 3820 videtur,
2635 3738 2768 3828 qui

627 3863 699 3934 in
740 3882 823 3937 ea
877 3881 1091 3953 quam
1154 3882 1373 3955 supra
1422 3864 1802 3936 retulimus
1856 3854 2339 3936 controversia
2393 3863 2770 3936 Academi-

685 4089 751 4152 (l)
778 4088 1066 4149 Brochard,
1098 4103 1179 4154 op.
1211 4091 1317 4148 cit„
1349 4102 1398 4154 p.
1430 4089 1507 4148 58,
1541 4089 1634 4153 763
1665 4092 1736 4141 cf.
1769 4088 1958 4145 Mont..
1989 4092 2023 4140 l.
2059 4088 2131 4151 11,
2164 4104 2211 4140 c.
2236 4104 2324 4141 ιιι.

686 4177 751 4242 (2)
781 4175 848 4227 V.
883 4176 1170 4240 Broehard‚
1202 4177 1352 4241 ibid„
1383 4192 1434 4242 p.
1466 4177 1547 4229 98.

687 4266 754 4330 (3)
782 4263 1070 4324 Βτοοὴιτᾱ,
1101 4280 1185 4331 op.
1209 4267 1316 4328 cit„
1346 4280 1400 4331 p.
1429 4266 1510 4318 93.

2864 4951 2909 4954 ,,
2946 4883 3110 4955 ..μ-,Ι
