3125 4959
1283 466 1605 527 ...41-

379 609 454 680 in
499 608 752 700 primis
781 604 1194 699 disciplinas
1227 610 1629 696 quaereret.
1667 601 2029 675 Laudatur
2056 606 2294 674 tamen
2336 602 2516 692 eJus·

381 734 543 807 dem
585 732 810 806 oratio
843 740 1087 805 contra
1118 730 1442 816 Galbam,
1469 750 1632 799 cum
1668 727 1894 797 mulla
1927 733 2285 798 venustate
2313 732 2518 820 atque

380 860 533 930 luce
597 864 805 952 atque
861 855 1216 927 munditia
1276 854 1655 925 verborum
1719 854 1967 927 hahita
2023 878 2039 923 ε
2106 852 2302 943 quod
2356 871 2515 926 cum

381 984 593 1057 Tullii
657 985 744 1056 de
794 986 884 1057 M.
934 984 1201 1055 Catone
1245 981 1535 1073 judiciis
1594 978 1947 1071 congruit.
2003 978 2081 1050 Id
2132 978 2321 1049 enim
2368 978 2514 1069 jam

383 1119 562 1192 tum,
606 1116 892 1181 auctore
932 1109 1187 1191 Gellio,
1231 1108 1306 1178 in
1349 1105 1763 1197 eloquentia
1796 1104 2044 1197 facere
2080 1100 2298 1172 voluit
2337 1101 2526 1194 quod

366 1240 613 1327 postea
651 1234 941 1327 perfecit
981 1234 1222 1306 Cicero
1272 1228 1400 1325 (l).

1121 1517 1189 1585 5⁰
1243 1511 1353 1582 De
1407 1510 1777 1583 Cicerone.

479 1799 580 1868 De
622 1796 962 1868 Cicerone
1001 1812 1161 1866 vero
1204 1791 1395 1883 apud
1438 1791 1743 1863 Gellium
1790 1789 1996 1881 plura
2029 1785 2222 1880 'quae
2255 1788 2347 1859 ad
2378 1787 2514 1858 elo-

379 1922 746 2011 quentiam
812 1938 1025 2009 quam
1083 1918 1174 1988 ad
1235 1916 1767 2008 philosophiam
1832 1921 2156 2016 spectant
2210 1932 2508 1984 narran-

380 2053 497 2117 tur
528 2045 650 2137 (2).
690 2071 718 2108 ι
747 2047 998 2135 Magno
1032 2061 1188 2115 cum
1234 2043 1472 2114 studio
1517 2042 1975 2131 maximoque
2016 2058 2229 2130 opere
2268 2065 2304 2102 ι.
2346 2035 2515 2109 dici·
2575 2042 2980 2100 lmus-w*

377 2176 498 2241 tur
518 2169 835 2241 Panaetii
878 2170 1098 2241 libros
1141 2168 1540 2241 aemulatus
1584 2166 1806 2238 fuisse
1840 2173 1908 2237 et
1948 2164 2315 2236 confessus
2356 2180 2514 2234 esse

380 2294 507 2366 fati
558 2293 1054 2383 libertatisque
1093 2292 1671 2365 conciliationem
1712 2287 2348 2382 implicatissimam
2385 2305 2516 2358 nec

378 2438 421 2489 a
461 2418 860 2509 Chrysippo
901 2418 1122 2489 fuisse
1163 2417 1598 2508 expeditam.
1653 2443 1681 2479 α
1727 2416 2199 2506 Chrysippus,
2246 2413 2509 2503 inquit,
2594 2428 2642 2473 ¹.-
2674 2424 2747 2484 vl.
2780 2437 2821 2475 e.
2852 2437 2900 2475 11.
2940 2435 2960 2463 ι-

377 2552 718 2616 aestuans
762 2543 1243 2634 laboransque
1285 2562 1602 2633 quonam
1658 2550 1861 2634 pacto
1912 2541 2216 2631 explicet
2262 2547 2332 2612 et
2372 2539 2515 2610 fato

379 2669 624 2740 omnia
665 2667 814 2739 fieri
852 2677 918 2741 et
957 2688 1117 2741 esse
1155 2669 1431 2759 aliquid
1477 2669 1550 2739 in
1589 2668 1798 2740 nobis
1842 2668 2240 2741 intricatur.
2282 2692 2311 2729 ι
2352 2663 2511 2736 Jam

381 2810 599 2884 supra
640 2792 947 2864 vidimus
994 2794 1448 2874 Favorinum,
1494 2793 1937 2866 academicos
1994 2800 2307 2872 secutus,
2358 2810 2512 2863 eam

380 2917 763 2988 stoicorum
817 2916 1302 2990 difficultatem
1349 2918 1807 3009 pugnavisse.

478 3041 887 3113 Ciceronem
923 3060 1210 3131 quoque
1245 3044 1346 3114 ait
1376 3042 1648 3114 Gellius
1687 3041 2159 3133 Theophrasti
2194 3041 2282 3113 de
2329 3041 2513 3112 ami-
2601 3053 2652 3101 L·
2685 3050 2721 3110 1,
2752 3064 2794 3098 o·
2828 3062 2888 3099 ιιιΙ
2928 3059 2948 3095 ι·

381 3165 543 3238 citia
585 3166 845 3236 librum
890 3166 1088 3256 prius
1124 3165 1379 3257 legisse
1415 3141 1631 3256 quarn
1672 3185 1883 3238 suum
1924 3165 2012 3238 de
2051 3185 2135 3237 ea
2186 3183 2259 3237 re
2316 3183 2508 3236 com-

379 3296 717 3396 poneret,
763 3307 894 3361 nec
925 3298 1155 3363 tamen
1201 3298 1343 3362 tam
1387 3309 1631 3383 presse
1672 3298 1740 3363 et
1773 3297 2013 3362 exacte
2048 3289 2508 3370 disseruisse,

381 3433 539 3486 cum
574 3421 819 3486 contra
871 3442 901 3478 ι
944 3422 1302 3506 quatenus
1342 3415 1496 3488 dari
1539 3415 1896 3488 amicitiae
1948 3415 2157 3487 venia
2200 3414 2431 3505 possit
2471 3440 2501 3478 ›
2598 3438 2647 3487 L.
2673 3435 2711 3495 1,
2740 3448 2783 3487 c.
2808 3448 2876 3494 m.
2912 3439 2980 3483 12„

382 3558 528 3610 non
565 3539 812 3611 doceat
850 3546 920 3611 et
968 3566 1000 3603 ιι
1030 3540 1388 3612 anxietate
1423 3540 1546 3611 illa
1587 3548 1656 3612 et
1684 3540 2339 3631 quasimorositate
2369 3538 2512 3611 dis-

383 3665 833 3754 putationum
897 3666 1439 3755 praetermissa,
1493 3684 1720 3756 genus
1771 3662 2009 3757 ipsum
2074 3665 2177 3738 rei
2237 3672 2511 3737 tantum

382 3789 629 3880 paucis
669 3789 904 3861 verbis
933 3817 964 3854 1·
1005 3790 1378 3863 notaverit.
1417 3792 1807 3881 Malignum
1839 3810 2129 3881 quoque
2161 3789 2513 3883 Judicium
2596 3814 2649 3864 L.
2676 3813 2713 3871 1,
2739 3825 2781 3861 c.
2812 3825 2876 3872 ιιι,
2912 3815 2980 3859 122.

440 4098 507 4162 (1)
532 4096 611 4149 Cf.
639 4095 770 4159 Cio„
804 4097 971 4163 Brut„
1006 4097 1154 4160 XVI,
1191 4111 1322 4150 xvn.

441 4188 507 4252 (Ἰ)
537 4187 614 4254 De
640 4187 926 4246 Cicerone;
958 4190 1079 4240 vide
1102 4188 1320 4246 Teuffel,
1354 4193 1391 4240 t.
1421 4188 1472 4250 1,
1508 4204 1557 4253 p.
1591 4188 1684 4240 310
1712 4194 1766 4241 et
1796 4204 1905 4253 seq.
1938 4216 1998 4226 —
2024 4186 2322 4240 Mommsen
2341 4226 2355 4253 ,
2392 4189 2521 4242 Hisae.

376 4292 525 4339 rom„
557 4278 690 4329 trad.
726 4278 1041 4338 Alexandre,
1077 4286 1113 4328 t.
1146 4276 1265 4339 Vll,
1291 4294 1342 4344 p.
1373 4277 1610 4329 358-364.
1643 4305 1701 4317 -·
1732 4279 1930 4337 ausim,
1961 4293 2012 4341 p.
2048 4277 2121 4329 10.
