3125 4959
148 743 199 792 L.
222 741 342 803 xlx,
368 753 413 791 c.
436 754 472 802 1,
494 743 573 789 1⁰.

148 1360 200 1412 1..
222 1359 281 1420 11,
302 1371 346 1409 e.
366 1369 507 1414 xvm,
529 1358 572 1404 1.

150 1485 200 1536 L.
224 1486 283 1546 11,
303 1497 348 1535 c.
370 1495 509 1544 nrm,
534 1484 578 1532 10.

150 1609 201 1660 Ι..
227 1609 285 1670 11,
306 1621 350 1659 e.
373 1620 514 1668 xvm,
530 1611 575 1659 5.

157 2609 209 2660 L.
232 2608 292 2668 11,
313 2619 355 2657 c.
378 2619 514 2667 xviii,
536 2610 583 2667 6,

313 2673 362 2731 7,
383 2674 431 2719 9.

162 2854 284 2914 1,.11,
298 2865 340 2906 c.
354 2864 493 2912 xvm,
508 2854 585 2901 1⁰.

1544 445 1864 504 ...52-

631 600 1058 676 responsum
1101 581 1447 655 nebuloni
1488 580 1768 654 cuidam
1817 581 2282 674 interroganti
2321 600 2448 655 cur
2475 584 2552 656 in
2595 590 2778 657 tem·

630 717 905 801 pestate
948 707 1226 780 timeret
1267 725 1426 778 cum
1469 707 1624 797 ipse
1674 707 1855 778 nihil
1906 714 2290 791 metueret,
2349 706 2657 781 dicentis
2703 729 2782 781 se

619 855 760 927 pro
793 831 1153 925 Aristippi
1187 830 1439 901 anima
1488 830 1768 918 timere,
1813 831 2017 903 illum
2049 853 2193 925 pro
2220 831 2467 902 anima
2496 833 2778 926 nequis-

626 958 797 1029 simi
828 957 1186 1030 nebulonis
1224 980 1367 1027 non
1407 978 1851 1050 magnopere
1896 979 2035 1027 esse
2079 956 2453 1028 sollicitum
2498 983 2516 1030 ε
2576 959 2776 1049 quod

629 1086 942 1177 superbo
996 1084 1209 1157 simul
1251 1103 1334 1155 ac
1371 1083 1676 1155 delicato
1735 1083 2026 1173 ingenio
2076 1083 2421 1174 Aristippi
2470 1079 2566 1178 (l)
2624 1104 2774 1156 non

632 1218 1007 1302 repugnat

732 1334 1072 1407 Phaedon
1116 1332 1477 1405 Elidensis
1519 1333 1706 1405 inter
1746 1332 2220 1424 philosophos
2252 1334 2376 1424 qui
2408 1335 2592 1406 servi
2625 1335 2780 1407 fue-

634 1466 802 1533 runt
858 1460 1114 1533 citatur
1166 1477 1377 1549 quem
1437 1459 1664 1530 Cebes
1727 1456 1806 1526 in
1859 1457 2253 1549 disciplinis
2298 1458 2781 1552 philosophiae

631 1582 833 1667 aluit,
872 1584 1142 1674 quique
1179 1582 1268 1655 de
1303 1584 1600 1654 Socrate
1629 1582 1980 1675 elegantes
2007 1582 2396 1656 admodum
2423 1607 2781 1656 sermones

631 1709 957 1800 scripsit,
1003 1710 1128 1801 qui
1169 1709 1374 1781 Gellii
1420 1709 1882 1799 temporibus
1925 1710 2370 1800 legebantur.
2426 1711 2610 1782 Num
2665 1719 2774 1783 ta-

634 1852 797 1910 men
822 1834 1026 1906 libris
1048 1834 1453 1907 Phaedonis
1489 1835 1784 1906 nomine
1818 1833 2214 1926 designatis
2233 1833 2414 1907 fides
2441 1835 2782 1908 habenda

632 1966 863 2044 esset,
899 1961 1046 2052 jam
1098 1959 1598 2040 dubitaverat,
1644 1967 1722 2032 ut
1759 1958 2004 2042 aiunt,
2050 1959 2431 2031 Panaetius
2473 1958 2602 2054 (2).
2649 1962 2780 2033 Oc·

634 2083 992 2159 casionem
1036 2085 1249 2177 capit,
1297 2093 1374 2157 ut
1413 2084 1955 2157 commentandi
1998 2102 2155 2156 mos
2197 2085 2352 2175 ejus
2389 2084 2551 2167 fuit,
2593 2083 2782 2157 alios

634 2210 1106 2284 enumerandi
1179 2235 1197 2282 ε
1267 2210 1670 2283 servierunt
1739 2228 2029 2301 quoque
2096 2210 2484 2302 Pompylus
2551 2210 2781 2281 Theo·

636 2337 968 2429 phrasto,
1014 2330 1317 2410 Perseus
1355 2335 1655 2418 Zenoni,
1702 2337 1852 2429 Mys
1896 2335 2243 2430 Epicur03
2282 2336 2452 2407 item
2496 2336 2778 2426 Menip-

639 2480 774 2553 pus
822 2459 916 2553 (5)
967 2461 1293 2551 cynicus,
1338 2461 1718 2533 satirarum
1766 2460 2107 2551 scriptor,
2154 2479 2337 2550 quas
2375 2459 2783 2532 aemulatus

641 2592 753 2659 est
792 2588 870 2657 Τ.
906 2586 1173 2668 Varro;
1220 2587 1599 2678 Diogenes»,
1636 2586 1885 2677 qui-eoo
1922 2582 2239 2656 libertate
2268 2584 2346 2652 in
2375 2583 2784 2653 servitutem

639 2729 897 2780 venum
934 2707 1144 2793 ierat,
1190 2710 1393 2801 cuius
1435 2709 1827 2801 superbum
1865 2709 2047 2780 illud
2083 2716 2151 2781 et
2182 2707 2427 2780 nobile
2468 2707 2781 2781 Xeniadi

644 2852 1068 2927 responsum
1119 2834 1330 2907 refert
1375 2833 1653 2906 Gellius
1700 2858 1715 2902 ι
1774 2861 1804 2899 ι
1845 2834 2018 2906 Novi
2071 2834 2491 2906 hominihus
2532 2832 2784 2905 liberis

705 3078 772 3143 (i)
803 3076 975 3129 Mont.
1011 3093 1023 3128 ε
1055 3095 1082 3124 α
1117 3075 1427 3142 Aristippus
1461 3077 1621 3126 disoit
1652 3077 1700 3126 le
1734 3077 1994 3141 principal
2022 3078 2183 3142 sruict
2210 3075 2336 3139 qu'il
2367 3077 2612 3127 eusttire
2641 3077 2707 3127 de
2734 3079 2788 3128 la

643 3167 975 3232 philosophie
1014 3170 1155 3217 estre
1192 3165 1316 3230 qu'il
1359 3167 1552 3229 parloit
1588 3168 1867 3216 librement
1905 3172 1956 3216 et
2000 3171 2370 3217 ouvertement
2409 3169 2440 3215 a
2478 3167 2711 3218 chascun
2757 3186 2782 3211 n

641 3259 853 3322 (Essais,
885 3258 921 3308 1.
958 3255 1036 3318 ΙΙ,
1069 3257 1153 3307 ch.
1181 3268 1320 3318 xvn,
1353 3271 1401 3319 p.
1444 3256 1549 3307 101.
1582 3255 1719 3305 Vide
1752 3258 1920 3307 multa
1950 3257 2119 3320 lepide
2155 3258 2296 3307 dicta
2324 3257 2585 3319 Aristippi
2606 3293 2618 3312 ,
2650 3257 2687 3306 1.
2716 3255 2787 3311 11.

644 3362 691 3397 c.
724 3362 822 3408 κη,
856 3362 906 3410 p.
947 3346 1065 3409 3263
1098 3346 1168 3396 ct.
1199 3345 1402 3406 Zeller,
1441 3345 1581 3396 Phil.
1616 3348 1701 3395 des
1731 3345 1907 3406 Grecs,
1939 3351 1976 3395 t.
2013 3344 2123 3405 ΙΙΙ,
2150 3361 2200 3410 p.
2235 3345 2454 3397 305-308.
2492 3373 2551 3382 —
2582 3345 2786 3406 Ritter,

643 3437 774 3486 Hire.
803 3434 932 3500 phil.
966 3448 1105 3491 ane..
1132 3433 1275 3504 t211,
1311 3449 1361 3498 p.
1393 3434 1555 3487 72-74.

710 3524 778 3589 (⁴2)
806 3524 890 3576 Cr.
917 3524 1103 3586 Zeller,
1135 3537 1215 3587 op.
1249 3524 1355 3582 cit..
1388 3530 1426 3573 t.
1459 3524 1554 3585 ΙΙΙ,
1587 3540 1641 3588 p.
1671 3524 1781 3576 256.

712 3612 778 3677 (3)
802 3612 1115 3674 Mommsen,
1142 3613 1271 3662 Hist.
1304 3626 1454 3673 rom..
1494 3616 1531 3664 t.
1566 3611 1730 3674 vni,
1757 3628 1809 3677 p.
1843 3613 1935 3663 252
1969 3632 1981 3662 ε
2019 3633 2043 3659 «
2072 3612 2351 3678 Menippe,
2377 3615 2492 3665 vrai
2522 3615 2793 3678 coryphee

648 3701 901 3753 litteraire
928 3700 1085 3752 d'une
1112 3693 1258 3753 secte
1286 3702 1415 3753 dont
1445 3706 1591 3753 toute
1615 3703 1665 3753 la
1689 3716 1899 3768 sagesse
1922 3704 2154 3755 consiste
2181 3706 2212 3753 a
2239 3705 2353 3754 nier
2382 3704 2432 3753 la
2456 3702 2792 3767 philosophie

648 3792 847 3854 meme,
874 3794 904 3840 a
936 3793 1156 3843 basouer
1183 3806 1269 3843 ses
1296 3792 1534 3856 adepteS.
1564 3794 1598 3842 a
1619 3793 1888 3858 pratiquer
1916 3794 2053 3844 enfin
2087 3795 2135 3844 le
2164 3794 2408 3856 cynismo
2436 3793 2500 3844 de
2526 3792 2783 3856 Diogene.

651 3880 963 3932 Professeur
989 3882 1202 3932 bouffon
1232 3881 1390 3931 d'une
1417 3881 1661 3932 doctrine
1689 3881 1844 3946 apres
1874 3886 1991 3931 tout
2018 3882 2223 3942 severe,
2254 3895 2315 3932 ee
2343 3882 2514 3931 meme
2543 3880 2794 3947 Menippo

646 3972 793 4022 avait
822 3972 1104 4035 enseigne,
1139 3986 1230 4035 par
1258 3971 1352 4022 des
1380 3973 1649 4035 exemples
1684 3974 2018 4024 assaisonnes
2055 3972 2120 4022 de
2153 3972 2409 4022 boutades
2440 3985 2792 4035 moqueuse8‚

651 4061 804 4125 qu'en
834 4061 1026 4112 dehors
1055 4062 1119 4111 de
1145 4063 1196 4112 la
1219 4062 1305 4112 vie
1329 4062 1578 4123 honnete,
1605 4065 1722 4113 tout
1751 4062 1884 4111 n'est
1913 4076 2014 4125 que
2044 4062 2223 4111 venite
2252 4062 2445 4111 ici—bas
2472 4065 2525 4110 et
2555 4062 2792 4122 la-haut,

652 4152 787 4203 mais
818 4167 920 4217 que
948 4153 1061 4203 rien
1092 4156 1301 4202 sui-tout
1339 4152 1471 4202 n'est
1509 4151 1631 4216 plus
1668 4152 1791 4201 vain
1830 4165 1932 4215 que
1968 4152 2045 4201 les
2083 4151 2341 4214 querelles
2375 4150 2468 4200 des
2498 4149 2794 4213 pretendas

653 4254 804 4307 nages
829 4258 853 4285 ι)
886 4239 1044 4304 (Vide
1068 4240 1305 4305 Luciam,
1335 4241 1548 4305 passim.
1583 4266 1642 4276 --
1669 4239 1859 4303 Zeller,
1890 4253 1977 4304 op.
2007 4241 2116 4300 cit..
2148 4243 2185 4289 t.
2220 4239 2321 4300 ΙΙΙ,
2351 4254 2402 4303 p.
2434 4237 2696 4300 265-266.)
