3125 4959
34 1537 37 1540 ·
168 1513 220 1565 1..
253 1512 332 1574 111,
363 1523 406 1560 c.
437 1522 507 1558 ιι.

118 3264 168 3314 L.
198 3264 349 3383 xv¹1¹2
366 3281 406 3319 c.
437 3283 540 3332 xxi,

146 2507 196 2556 L.

232 2505 327 2564 XV,
359 2520 399 2555 c.
434 2521 519 2558 xx.

1518 471 1840 534 ..52-

610 606 1051 701 septenarius
1106 627 1347 680 omnes
1391 629 1730 679 numeros
1768 630 1915 702 per
1966 630 2134 702 quos
2176 619 2596 701 proqressu‘s
2647 612 2749 676 est

613 734 756 806 sihi
795 733 1080 806 additos
1116 731 1696 826 comprehendat.

711 858 1106 930 Fatendum
1147 866 1255 931 est
1294 857 1588 949 quidem
1629 858 1937 932 Gellium
1991 859 2068 930 in
2120 859 2210 931 iis
2266 859 2491 949 magis
2525 857 2744 929 vitam

611 991 683 1056 et
752 982 1079 1055 habitum
1157 982 1597 1074 Pythagorae
1671 991 1744 1056 et
1815 983 2418 1075 Pythagoreorum
2494 982 2749 1055 leviter

606 1109 1161 1202 praestrinxisse
1207 1128 1424 1200 quam
1472 1110 1549 1180 in
1602 1109 1980 1182 interiores
2035 1108 2460 1201 disciplinae
2504 1115 2744 1199 partes

606 1235 1093 1327 penetravisse
1154 1259 1171 1306 ε
1235 1232 1588 1325 quaedam
1655 1239 1894 1306 tamen
1954 1252 2036 1306 ex
2094 1235 2251 1324 ejus
2306 1231 2742 1306 testimoniis

608 1361 880 1434 utilitas
920 1360 1188 1451 percipi
1227 1358 1482 1451 potuit.
2069 1371 2080 1378 ’

705 1485 1157 1577 Pythagorae
1183 1486 1329 1557 fere
1375 1486 1702 1576 aequalis
1754 1485 2239 1577 Xenophanes
2293 1485 2385 1556 oh
2437 1484 2576 1556 hoc
2626 1503 2741 1557 so-

609 1611 756 1682 lum
810 1616 1247 1682 memoratur
1297 1609 1492 1700 quod
1539 1609 1631 1682 de
1684 1611 1968 1682 Homeri
2027 1609 2463 1701 Hesiodique
2511 1617 2743 1683 aetate

606 1733 999 1824 disputavit
1031 1740 1101 1805 et
1129 1733 1333 1805 illum
1366 1734 1503 1806 hoc
1530 1734 1842 1825 priorem
1877 1742 2050 1806 natu
2087 1734 2311 1806 fuisse
2341 1734 2735 1808 contendit.

602 1858 797 1930 Nihil
838 1859 1136 1930 omnino
1175 1857 1264 1931 de
1293 1859 1605 1931 Eleatica
1642 1859 2103 1950 philosophia
2141 1858 2336 1951 apud
2366 1859 2671 1931 Gellium
2719 1885 2736 1932 ε

603 1983 772 2056 item
816 1982 906 2056 de
951 1983 1173 2056 Ioniis
1212 1985 1491 2056 siletur.
1535 1984 1681 2055 Cur
1726 2003 1811 2057 ea
1859 1985 2251 2075 neglexerit
2302 2003 2517 2057 causa
2564 2004 2742 2058 sane

601 2109 736 2181 fuit
781 2109 938 2197 ejus
984 2107 1350 2200 ingenium
1411 2108 1640 2200 magis
1694 2108 1788 2181 ad
1840 2108 2322 2182 narrationem
2374 2128 2590 2200 quam
2645 2110 2741 2182 ad

603 2235 1134 2326 indagationem
1201 2250 1508 2326 pronum
1559 2241 1633 2305 et
1688 2235 2033 2306 leviorum
2090 2253 2326 2306 rerum
2382 2233 2735 2316 studium,

603 2359 798 2450 quod
839 2360 912 2430 in
953 2360 1109 2449 ejus
1149 2365 1379 2431 aetate
1420 2359 1653 2450 vigere
1687 2359 1992 2431 solebat.

702 2487 799 2555 De
855 2485 1270 2575 Anaxagora
1324 2484 1461 2555 hoc
1510 2484 1744 2556 solum
1801 2484 2101 2557 refertur
2157 2483 2570 2575 Euripidem
2632 2483 2729 2579 (l)

598 2609 755 2698 ejus
792 2607 1017 2681 fuisse
1046 2607 1517 2699 discipulum,
1556 2613 1761 2699 cujus
1796 2627 2147 2700 personae
2183 2628 2412 2700 aeque
2449 2629 2532 2681 ac
2569 2609 2738 2681 doc-

600 2733 809 2806 trinis
858 2732 1178 2805 alludere
1229 2741 1437 2823 poeta
1489 2752 2015 2825 nonnunquam
2071 2734 2351 2807 videtur
2404 2733 2499 2829 (2)
2570 2759 2587 2806 ε
2645 2733 2738 2809 de

597 2856 1060 2948 Empedocle‚
1115 2866 1395 2948 praeter
1431 2876 1714 2930 versum
1771 2857 1860 2930 de
1916 2858 2102 2930 fabis
2156 2877 2375 2950 supra
2429 2860 2733 2931 relatum

597 2983 719 3074 qui
759 3001 931 3053 num
965 3000 1126 3054 vere
1161 2982 1255 3054 ad
1287 2982 1788 3074 Empedoclem
1822 2983 2176 3074 pertineat
2214 2991 2283 3055 et
2321 3002 2476 3055 eam
2513 2984 2737 3074 signi-

598 3106 1002 3180 ficationem
1042 3108 1305 3181 haheat
1342 3108 1713 3180 dubitatur
1757 3104 1853 3202 (5)
1878 3162 1895 3189 ,
1948 3127 2105 3180 cum
2162 3107 2252 3180 ad
2288 3109 2536 3199 populi
2577 3108 2730 3179 suf-

598 3234 818 3325 fragia
854 3240 1174 3323 spectare
1213 3240 1479 3325 posset,
1518 3251 1684 3305 eum
1722 3231 1799 3301 in
1835 3231 2324 3326 philosophiae
2371 3232 2737 3302 naturalis

596 3356 825 3427 studio
863 3359 1070 3448 juxta
1103 3364 1424 3447 tempora
1455 3359 1736 3449 pugnae
1767 3357 1960 3449 apud
1992 3358 2290 3430 fluvium
2323 3357 2732 3430 Cremeram

597 3481 959 3557 floruisse.

695 3609 843 3680 Hoc
880 3616 1116 3680 tamen
1159 3607 1648 3680 testimonium
1691 3607 1985 3698 quidam
2027 3608 2232 3680 aiunt
2287 3606 2504 3679 nimis
2554 3614 2738 3679 tem-

594 3752 767 3827 pore
824 3731 1202 3807 definitum
1272 3740 1342 3805 et
1398 3751 1627 3824 pauca
1694 3731 1784 3804 de
1847 3732 2298 3823 Empedoclis
2364 3732 2506 3804 vita
2568 3749 2734 3805 esse

649 4100 718 4165 (l)
751 4096 830 4151 ct.
863 4095 994 4160 Cic„
1029 4098 1191 4160 Tmo„
1220 4095 1318 4158 111,
1354 4095 1427 4147 14.
1457 4121 1515 4132 -
1541 4090 1720 4158 Grote,
1751 4098 1793 4146 t.
1823 4092 1938 4156 XII,
1976 4110 2027 4159 p.
2060 4093 2161 4146 138.

647 4189 716 4251 (ἳ)
742 4187 929 4250 zener,
963 4193 1002 4237 t.
1036 4187 1104 4250 11,
1140 4203 1191 4251 p.
1220 4185 1329 4237 387.

647 4278 716 4342 (3)
744 4276 929 4337 Zeller,
961 4282 996 4325 t.
1034 4275 1102 4335 11,
1136 4291 1186 4340 p.
1217 4275 1328 4326 ς250.
1364 4302 1423 4312 -
1453 4274 1634 4338 Grote,
1667 4280 1702 4324 t.
1737 4274 1861 4335 XII,
1888 4290 1939 4339 p.
1968 4275 2074 4326 157.
