3125 4959
1395 409 1758 501 2-924

536 577 975 651 Arcesilaum
1030 582 1101 650 et
1153 576 1415 650 stoicos
1470 578 1927 668 occupavisse
1977 577 2240 650 dicitur
2286 578 2414 673 (1),
2465 578 2664 651 vide-

537 710 797 793 turque
859 702 1133 793 primus
1200 700 1680 774 conscientiae
1743 701 2078 794 ancipitis
2145 722 2353 775 casus
2414 721 2670 775 excus-

540 828 723 900 sisse
756 824 849 921 (2)
890 827 1233 917 illiusque
1272 844 1432 898 cum
1470 827 1543 898 in
1577 827 1851 899 lubrico
1882 834 2284 900 versaretur
2322 828 2675 920 regendae

539 959 760 1027 artem
801 952 1213 1024 condidisse
1252 977 1269 1023 ε
1313 952 1507 1043 quod
1546 953 1754 1026 Gellii
1795 973 2037 1025 earum
2082 973 2318 1027 rerum
2360 955 2669 1045 plerum·

544 1096 683 1169 que
740 1077 1002 1150 curiosi
1063 1078 1384 1149 animum
1448 1077 1825 1151 intendere
1885 1078 2160 1151 debuit.
2232 1081 2399 1151 Erat
2455 1079 2669 1151 etiam

545 1221 687 1274 non
729 1220 985 1293 parvae
1025 1203 1259 1275 laudis
1298 1203 1420 1276 ille
1460 1203 1586 1293 qui
1624 1204 2054 1294 voluptatem
2098 1223 2254 1276 cum
2297 1205 2676 1276 honestate

543 1328 1091 1400 commendabat
1138 1325 1267 1422 (5),
1314 1328 1517 1418 cujus
1568 1307 1802 1401 mores
1850 1335 1919 1400 et
1969 1329 2335 1420 ingenium
2383 1329 2675 1420 optimis

546 1451 778 1523 verbis
816 1470 1048 1544 nuper
1088 1452 1445 1543 descripta
1489 1459 1663 1525 sunt
1703 1450 1832 1546 (4),
1880 1453 2150 1545 quique
2189 1453 2674 1526 doctrinarum

545 1576 761 1649 hodie
790 1577 1360 1668 pervulgatarum
1393 1585 1804 1651 antecessor
1839 1577 1970 1651 fuit
2011 1574 2141 1672 (5).
2178 1577 2680 1650 Controversia

544 1701 700 1790 ejus
730 1719 888 1772 cum
912 1701 1340 1793 Chrysippo,
1369 1703 1572 1793 quus
1603 1702 2002 1793 discipulus
2025 1703 2249 1775 fuisse
2279 1701 2540 1775 dicitur
2571 1699 2668 1795 (6)

544 1825 745 1917 prius
809 1843 1023 1917 quam
1091 1823 1548 1899 adversarius
1604 1828 1838 1909 fieret,
1905 1827 2392 1909 occasionem,
2457 1845 2674 1917 quam

545 1951 901 2024 immerito
951 1951 1221 2034 omisit,
1274 1953 1502 2025 Gellio
1544 1952 1933 2043 praebebat
1981 1972 2063 2025 ea
2101 1951 2453 2025 referendi
2495 1970 2682 2044 quae

548 2075 897 2148 delibero
937 2077 1232 2149 arbitrio
1275 2077 1679 2150 Carneades
1723 2076 2205 2149 arbitrabatur
2251 2074 2378 2170 (7).
2421 2078 2682 2148 Faten-

548 2202 717 2274 dum
760 2209 868 2273 est
906 2200 980 2272 in
1024 2220 1106 2273 ea
1146 2221 1221 2274 re
1262 2201 1598 2283 Gellium,
1645 2202 1770 2293 qui
1823 2202 1998 2273 satis
2039 2202 2257 2274 habet
2303 2200 2684 2273 violentam

70 2335 214 2396 ΜΠ,
234 2338 485 2393 0·x1v›10·
547 2334 617 2400 et
651 2326 995 2419 rapidam
1035 2328 1190 2417 ejus
1230 2327 1706 2399 elocutionem
1739 2327 2061 2409 laudare,
2106 2345 2238 2399 nec
2274 2320 2680 2399 ullomodo

429 2477 434 2482 ·
552 2453 838 2524 terroris
881 2470 1095 2543 quem
1138 2470 1597 2548 romanorum
1632 2452 1995 2525 mentibus
2026 2451 2395 2543 injiciebat
2434 2451 2684 2523 memi-

551 2576 657 2648 nit
701 2573 832 2670 (8),-
890 2594 969 2649 se
1013 2578 1241 2668 magis
1294 2578 1639 2650 historiae
1692 2584 1786 2664 et⁴
1817 2577 2215 2650 litterarum
2271 2575 2678 2649 studiosum

550 2719 765 2792 quam
807 2702 1319 2793 philosophum
1361 2703 1807 2794 praebuisse.
2314 2705 2319 2710 ’

611 2956 677 3020 (1)
710 2952 789 3005 Cf.
821 2954 1110 3018 Brochard,
1142 2970 1223 3021 op.
1254 2957 1364 3013 cit„
1398 2970 1447 3019 p.
1490 2955 1595 3006 134.

612 3046 676 3111 (2)
703 3047 801 3106 ld„
831 3046 984 3108 ibid„
1017 3061 1066 3109 p.
1105 3045 1217 3108 1543
1250 3049 1320 3098 ct.
1351 3045 1574 3108 Martha,
1608 3049 1688 3097 Bt.
1716 3060 1865 3106 mor„
1895 3062 1944 3110 p.
1976 3046 2055 3097 99.

610 3137 678 3199 (3)
711 3137 807 3197 ια.,
835 3137 984 3198 ibid„
1005 3152 1061 3201 p.
1099 3135 1203 3186 178.

608 3207 806 3289 ‹in-tm,
835 3227 988 3287 ευεα..
1014 3243 1064 3291 p.
1102 3209 1216 3278 ιη’

609 3318 674 3381 (5)
703 3317 975 3380 ια.,ἰ·ῡι·α.,
1006 3332 1057 3379 p.
1096 3317 1198 3376 181,
1232 3315 1337 3377 182,
1374 3315 1475 3372 184.
1508 3315 1617 3366 416.

610 3405 675 3470 (6)
704 3405 932 3463 Martha,
955 3408 1141 3455 Etudes
1168 3405 1384 3455 morales
1410 3419 1500 3455 sur
1529 3391 1749 3468 l'antiq]
1786 3421 1835 3468 p.
1868 3405 1946 3454 71.

523 3521 528 3530 ·
609 3494 677 3558 (7)
700 3493 988 3557 Brochard‚
1022 3509 1071 3557 p.
1110 3493 1210 3557 162,
1245 3493 1354 3548 391.

613 3582 680 3647 (8)
707 3581 929 3647 Martha,
960 3583 1119 3645 ibid.·;
1145 3584 1214 3635 cf.
1239 3582 1456 3644 Teuffel,
1485 3587 1523 3635 t.
1558 3585 1600 3644 1,
1631 3598 1681 3652 p.
1714 3583 1793 3645 89,
1823 3583 1900 3634 91.
1929 3611 1988 3621 -
2017 3582 2148 3652 Cic„
2185 3585 2347 3646 Orat„
2374 3582 2451 3648 11,
2483 3582 2529 3637 8.

2824 4831 3125 4898 ,-.,-Λ
